1633 2538
169 168 253 206 334

169 422 258 461 XO.

170 692 274 732 AM.

169 1438 272 1477 ΜΕ.

171 1775 302 1815 ΛΤΚ.

171 2045 273 2085 ΜΕ.

172 2246 278 2290 ΑΜ.

483 167 756 206 ΗΡΑΚΛΗΣ
781 168 1187 209 ΜΑΙΝΟΜΕΝΟΣ

319 280 553 337 πρόθυμός
572 283 712 337 ἐστιν,
732 278 759 337 ἡ
782 285 1012 338 προθυμία
1031 279 1073 325 δ’
1095 279 1275 338 ἄφρων·
1434 296 1505 333 310

319 345 344 392 ὃ
365 348 447 405 χρὴ
468 348 551 405 γὰρ
572 347 721 400 οὐδεὶς
745 347 803 405 μὴ
822 347 967 405 χρεών
985 348 1116 406 θήσει
1135 351 1254 395 ποτέ.

318 421 359 460 εἰ
375 416 456 473 μὲν
474 417 733 461 σθενόντων
757 421 846 461 τῶν
866 419 984 473 ἐμῶν
1003 417 1255 474 βραχιόνων

323 478 376 540 ἦν
396 489 460 536 τίς
481 482 524 528 σ’
548 481 762 541 ὑβρίζων,
790 487 954 543 ῥαδίως
978 485 1147 530 ἔπαυσά
1167 483 1202 543 γ’
1224 483 1300 531 ἄν·

323 557 408 596 νῦν
428 550 470 596 δ’
495 549 631 597 οὐδέν
651 555 795 609 ἐσμεν.
834 551 916 596 σὸν
944 552 992 597 δὲ
1017 551 1293 601 τούντεῦθεν
1320 566 1505 602 σκοπεῖν

321 618 441 672 ὅπως
460 620 611 664 διοίσει
633 620 707 672 τὰς
728 621 879 677 τύχας,
898 618 1194 679 Ἀμφιτρύων.
1435 635 1502 670 315

319 686 443 732 οὗτοι
463 686 511 733 τὸ
533 688 683 733 δειλὸν
704 687 810 733 οὐδὲ
832 693 909 733 τοῦ
933 694 1036 745 βίου
1056 690 1198 742 πόθος

319 763 481 800 θανεῖν
501 755 649 811 ἐρύκει
670 754 726 813 μ’,
749 755 859 800 ἀλλὰ
882 758 1007 801 παιδὶ
1028 758 1247 814 βούλομαι

323 828 462 868 σῶσαι
483 821 593 868 τέκν’
609 839 617 846 ·
644 822 786 876 ἄλλως
806 822 849 868 δ’
870 822 1105 869 ἀδυνάτων
1126 823 1226 870 ἔοικ’
1249 827 1368 883 ἐρᾶν.

322 891 424 936 ἰδοὺ
445 892 658 948 πάρεστιν
679 889 755 949 ἥδε
777 892 991 952 φασγάνῳ
1016 894 1122 950 δέρη

321 970 494 1004 κεντεῖν
516 960 750 1016 φονεύειν,
773 963 885 1005 ἴέναι
907 963 1066 1016 πέτρας
1087 959 1187 1006 ἄπο.
1436 973 1505 1010 320

320 1032 427 1083 μίαν
447 1028 495 1071 δὲ
515 1032 608 1086 νῷν
628 1027 704 1079 δός
722 1029 877 1084 χάριν,
902 1027 1032 1085 ἅναξ,
1055 1029 1324 1087 ἱκνούμεθα·

323 1095 499 1140 κτεῖνόν
518 1113 570 1151 με
593 1097 665 1139 καὶ
688 1093 812 1153 τήνδ’
836 1094 1003 1140 ἀθλίαν
1022 1100 1197 1157 παίδων
1216 1098 1370 1156 πάρος,

321 1181 380 1216 ως
399 1161 458 1220 μὴ
479 1160 590 1208 τέ’κν
615 1167 872 1221 εἰσίδωμεν,
898 1162 1079 1210 ἀνόσιον
1099 1150 1227 1223 θέαν,

316 1236 692 1315 ψυχορραγοῦντα
712 1233 785 1276 καὶ
807 1237 1026 1277 καλοῦντα
1047 1235 1212 1289 μητέρα

323 1299 485 1355 πατρός
506 1317 551 1344 τε
572 1317 767 1358 πατερα
788 1298 922 1344 ταλλα
943 1299 986 1344 δ’
1011 1294 1038 1358 ᾗ
1060 1301 1294 1358 πρόθυμος
1314 1300 1357 1346 εἶ
1438 1311 1505 1348 325

322 1366 482 1446 πρᾶσσ’
499 1381 508 1389 ·
538 1365 593 1410 οὐ
613 1386 698 1423 γαρ
719 1365 860 1424 αλκὴν
880 1385 1036 1424 εχομεν
1056 1383 1166 1412 ωστε
1185 1368 1244 1426 μὴ
1264 1375 1437 1415 θανεῖν.

322 1432 443 1491 κάγώ
466 1432 507 1479 σ’
531 1438 739 1491 ἱκνοῦμαι
758 1435 901 1492 χάριτι
922 1441 1189 1491 προσθεῖναι
1207 1435 1351 1496 χάριν,

325 1499 429 1558 ἡμῖν
449 1500 501 1546 ἵν’
525 1500 695 1559 ἀμφοῖν
717 1499 778 1556 εἷς
797 1500 1085 1561 ὑπουργήσῃς
1104 1506 1260 1550 διπλᾶ·

324 1570 488 1626 κόσμον
509 1571 643 1627 πάρες
663 1588 737 1626 μοι
759 1572 883 1614 παισὶ
902 1577 1168 1627 προσθεῖναι
1187 1576 1374 1629 νεκρῶν,

325 1638 488 1694 δόμους
507 1635 685 1691 ἀνοίξας
698 1652 706 1660 ·
735 1642 822 1681 νῦν
842 1636 926 1694 γὰρ
946 1640 1256 1699 ἐκκεκλῄμεθα
1436 1649 1508 1686 330

322 1702 380 1757 ὡς
401 1703 510 1749 ἀλλὰ
530 1705 667 1750 ταῦτα’
687 1703 722 1762 γ’
746 1703 1000 1762 ἀπολάβωσ’
1025 1712 1164 1751 οἴκων
1183 1706 1359 1764 πατρός.

327 1777 445 1817 ἔσται
467 1771 563 1817 τάδ’
578 1788 587 1796 ·
610 1779 752 1830 οἴγειν
772 1778 947 1831 κλῇθρα
967 1773 1231 1830 προσπόλοις
1250 1775 1377 1832 λέγω.

324 1839 555 1896 κοσμεῖσθ’
580 1845 665 1885 ἔσω
685 1840 915 1896 μολόντες·
942 1838 997 1884 οὐ
1023 1845 1185 1897 φθονῶ
1206 1842 1399 1887 πέπλων.

325 1904 432 1951 ὅταν
452 1907 501 1951 δὲ
522 1907 689 1964 κόσμον
708 1907 1011 1964 περιβάλησθε
1030 1907 1244 1965 σώμασιν,

326 1973 411 2031 ἥξω
432 1974 541 2032 πρὸς
562 1973 674 2032 ὑμᾶς
694 1976 878 2034 νερτέρᾳ
900 1974 1060 2020 δώσων
1079 1980 1226 2032 χθονί.
1437 1986 1506 2022 335

321 2035 356 2085 ὦ
375 2041 503 2097 τέκν’,
525 2040 736 2099 ὁμαρτεῖτ’
761 2041 906 2102 ἀθλίῳ
925 2042 1092 2100 μητρὸς
1114 2045 1220 2088 ποδὶ

323 2113 531 2168 πατρῷον
552 2115 613 2161 εἰς
631 2113 877 2167 μέλαθρον,
900 2105 954 2155 οὗ
974 2115 1050 2168 τῆς
1069 2109 1225 2164 οὐσίας

326 2174 450 2221 ἄλλοι
471 2181 707 2235 κρατοῦσι,
728 2176 775 2222 τὸ
797 2177 841 2223 δ’
864 2176 981 2236 ὄνομ’
1005 2176 1104 2224 ἔσθ’
1127 2175 1254 2236 ἡμῶν
1273 2182 1348 2223 ἔτι.

325 2237 360 2288 ὦ
379 2249 490 2301 Ζεῦ,
515 2245 657 2302 μάτην
676 2243 740 2303 ἄρ’
768 2243 995 2303 ὁμόγαμόν
1018 2244 1062 2290 σ’
1085 2245 1348 2303 ἐκτησάμην,

323 2312 464 2369 μάτην
487 2313 536 2357 δὲ
555 2311 711 2364 παιδὸς
732 2311 852 2369 γονέ’
876 2315 982 2370 ἐμοῦ
1004 2310 1046 2356 σ’
1069 2312 1329 2371 ἐκλῄζομεν·
1437 2321 1508 2360 34⁰

326 2379 384 2424 σὺ
405 2378 447 2424 δ’
471 2373 577 2437 ἦσθ’
601 2377 665 2436 ἄρ’
696 2373 830 2436 ἧσσον
850 2376 879 2437 ἢ
893 2378 1053 2433 ’δόκεις
1076 2379 1188 2425 εἶναι
1208 2385 1352 2438 φίλος.
