1633 2538
454 170 727 209 ΗΡΑΚΛΗΣ
757 150 1160 209 ΜΑΙΝΟΜΕΝΟΣ

307 285 481 362 πάθητε
499 288 652 341 μηδέν.
674 287 748 338 τῆς
769 280 810 326 δ’
835 284 938 339 ἐμῆς
951 317 962 339 ,
979 280 1278 341 Ἀμφιτρύων,

307 354 484 411 γνώμης
507 350 724 405 ἄκουσον
749 347 804 406 ἤν
825 355 870 394 τί
887 364 956 395 σοι
978 355 1095 396 δοκῶ
1120 353 1277 409 λε’.γειν

305 421 391 479 ἐγὼ
414 424 531 478 φιλῶ
552 421 634 477 μὲν
654 420 805 463 τέκνα·
839 423 931 472 πῶς
948 418 1032 477 γὰρ
1054 417 1107 465 οὗ
1129 426 1245 477 φιλῶ

308 488 511 544 ἅτικτον,
534 485 788 545 ἁμόχθησα;
809 489 882 532 καὶ
902 487 950 532 τὸ
971 495 1215 534 κατθανεῖν

307 557 460 603 δεινὸν
482 561 665 613 νομίζω·
698 560 757 615 τῷ
780 553 824 600 δ’
847 553 1074 617 ἆναγκαίω
1095 557 1243 618 τρόπῳ

309 623 357 679 ὃς
377 624 637 681 ἀντιτείνει,
659 623 815 668 σκαιὸν
836 622 1029 682 ἡγοῦμαι
1050 627 1230 682 βροτόν.

306 692 419 752 ἡμᾶς
441 691 482 738 δ’
507 691 658 750 ἐπειδὴ
680 696 753 738 δεῖ
767 700 951 750 θανεῖν,
973 694 1191 751 θνήσκειν
1208 694 1351 752 χρεων

309 761 368 820 μὴ
390 763 499 820 πυρὶ
522 763 900 819 καταξανθέντας,
923 764 1151 820 ἐχθροῖσιν
1171 764 1314 820 γέλων

307 830 533 887 διδόντας,
556 828 687 888 οὑμοὶ
711 835 789 876 τοῦ
809 838 970 875 θανεῖν
989 836 1138 888 μεῖζον
1158 831 1306 876 κακόν.

308 898 549 957 ὀφείλομεν
569 898 653 957 γὰρ
675 897 816 944 πολλὰ
837 899 1038 955 δώμασιν
1059 899 1184 943 καλά.

306 969 355 1013 σὲ
373 967 455 1025 μὲν
475 967 655 1024 δόκησις
677 971 836 1024 ἔλαβεν
857 964 1041 1024 ἐὐκλεὴς
1062 968 1214 1026 δορός,

307 1033 411 1081 ὥστ’
437 1033 519 1080 οὐκ
542 1033 731 1079 ἀνεκτὸν
751 1038 917 1087 δειλίας
941 1041 1103 1081 θανεῖν
1127 1034 1167 1081 σ’
1191 1034 1299 1081 ὕπο·

307 1102 443 1162 οὑμὸς
463 1101 505 1148 δ’
531 1100 838 1161 ἀμαρτύρητος
861 1101 1046 1161 εὐκλεὴς
1068 1105 1207 1159 πόσις,

311 1171 369 1225 ὠς
388 1171 551 1217 τούσδε
572 1175 732 1223 παῖδας
753 1170 836 1216 οὐκ
857 1168 912 1216 ἂν
936 1174 1126 1217 ἐκσῶσαι
1148 1174 1274 1218 θέλοι

306 1240 442 1294 δόξαν
461 1238 605 1297 κακὴν
625 1240 862 1297 λαβόντας·
886 1242 931 1284 οἰ
948 1239 1031 1297 γὰρ
1054 1238 1251 1297 εὐγενεῖς

307 1309 525 1366 κάμνουσι
545 1319 635 1361 τοῖς
654 1313 870 1366 αἰσχροῖσι
890 1313 980 1353 τῶν
1000 1310 1169 1353 τέκνων
1188 1305 1317 1366 ὕπερ,

307 1381 406 1434 ἐμοί
421 1395 466 1422 τε
486 1375 643 1435 μίμημ’
668 1375 831 1433 ἀνδρὸς
852 1374 934 1421 οὐκ
957 1375 1199 1422 ἀπωστέον.

306 1447 464 1498 σκέψαι
486 1446 535 1490 δὲ
554 1445 636 1501 τὴν
655 1444 738 1501 σὴν
759 1442 921 1501 ἐλπίδ’,
942 1439 970 1502 ᾗ
987 1450 1225 1502 λογίζομαι.

305 1511 429 1570 ἥξειν
451 1517 641 1569 νομίζεις
661 1516 796 1556 παῖδα
817 1511 898 1555 σὸν
917 1518 1044 1568 γαίας
1063 1511 1151 1557 ὕπο
1164 1528 1172 1536 ·

309 1582 382 1625 καὶ
401 1585 466 1632 τίς
484 1580 724 1625 θανόντων
743 1574 885 1637 ἦλθεν
905 1582 946 1633 ἐξ
965 1578 1122 1625 ’Ἁιδου
1141 1580 1298 1635 πάλιν;

310 1646 407 1693 ἀλλ’
433 1646 491 1701 ὡς
510 1648 682 1706 λόγοισι
702 1648 832 1693 τόνδε
852 1649 1160 1706 μαλθάξαιμεν
1175 1646 1254 1703 ἅν;

1394 173 1480 212 333

1429 432 1496 469 280

1430 773 1494 808 285

1430 1115 1498 1150 290

1431 1457 1497 1492 295

307 1715 484 1773 ἥκιστα·
522 1717 710 1775 φεύγειν
730 1716 887 1762 σκαιὸν
907 1715 1029 1773 ἄνδρ’
1053 1716 1219 1774 ἐχθρὸν
1239 1719 1397 1776 χρεων,

309 1796 488 1842 σοφοῖσι
509 1784 550 1830 δ’
576 1792 715 1830 εἴκειν
735 1786 809 1829 καὶ
831 1786 1153 1842 τεθραμμένοις
1173 1790 1318 1838 καλῶς
1334 1801 1342 1809 ·

319 1855 430 1913 ῥᾷον
449 1852 534 1912 γὰρ
555 1857 710 1906 αἰδοῦς
728 1851 972 1910 ὑποβαλὼν
993 1847 1168 1910 φίλ”όὶν
1189 1853 1351 1911 τύχοις.

311 1919 393 1978 ἤδη
415 1920 457 1965 δ’
482 1923 648 1979 ἐσῆλθέ
666 1919 703 1978 μ’
729 1925 769 1966 εἰ
786 1926 1174 1979 παραιτησαίμεθα

311 1988 457 2047 φυγὰς
479 1991 650 2034 τέκνων
673 1987 808 2034 τῶνδ’
824 2004 832 2012 ·
856 1987 967 2033 ἀλλὰ
986 1991 1060 2034 καὶ
1079 1988 1176 2034 τόδ’
1201 1987 1377 2047 ἄθλιον,

308 2062 441 2116 πενίᾳ
461 2056 549 2102 σὺν
569 2062 723 2116 οἰκτρᾷ
742 2063 1002 2115 περιβαλεῖν
1020 2061 1265 2115 σωτηρίαν·

307 2144 368 2203 ως
389 2124 442 2169 τὰ
462 2126 601 2178 ξένων
623 2126 838 2184 πρόσωπα
858 2126 1107 2183 φεύγουσιν
1127 2130 1274 2208 φίλοις

312 2188 362 2239 ἓν
378 2187 496 2250 ἦμαρ
516 2190 604 2249 ἡδὺ
624 2191 773 2251 βλέμμ’
798 2198 914 2251 ἔχειν
935 2196 1074 2252 φασὶν
1093 2194 1245 2279 μόνον.

309 2262 448 2318 τόλμα
467 2259 571 2318 μεθ’
597 2260 723 2319 ἡμῶν
742 2262 965 2320 θάνατον,
986 2260 1034 2316 ὃς
1052 2263 1176 2347 μένει
1197 2260 1240 2307 σ’
1267 2259 1395 2320 όμως.

311 2327 648 2410 προκαλούμεθ’
672 2328 927 2388 εὐγένειαν,
954 2332 987 2374 ὠ
1010 2331 1155 2387 γέρον,
1178 2331 1335 2375 σέθεν

309 2396 387 2450 τὰς
407 2403 496 2442 τῶν
514 2403 639 2443 θεῶν
658 2397 742 2456 γὰρ
764 2396 882 2452 ὅστις
903 2401 1140 2456 ε’κμοχθεῖν
1158 2399 1290 2457 τύχας

1432 1798 1499 1833 300

1429 2137 1498 2172 305
