1633 2538
81 361 105 400 Ι
107 360 151 399 Ρ.

386 170 663 207 ΗΡΑΚΛΗΣ
688 169 1097 208 ΜΑΙΝΟΜΕΝΟΣ
1328 166 1409 203 351

235 285 305 329 σοὶ
326 280 368 328 δ’
393 280 448 327 οὐ
469 285 673 340 παραινῶ
693 280 861 339 μεγαλα
881 279 1128 338 βούλεσθαι
1147 284 1273 328 κακά.

236 351 293 410 μὴ
310 349 366 396 σὺ
380 351 588 395 νουθέτει
602 350 655 394 τά
668 347 716 394 θ’
727 346 867 407 ‘'Hyag-
882 348 1000 407 κάμὰ
1012 352 1312 413 μηχανήματα.
1354 362 1422 398 855

80 426 210 467 ΑΤΤ.
239 424 299 472 εἰς
319 419 366 464 τὸ
388 423 560 479 λῷστον
581 415 799 475 ἐμβιβάζω
819 415 861 462 σ’
885 424 1004 474 ἴχνος
1030 416 1130 464 ἀντὶ
1157 425 1236 465 τοῦ
1266 424 1420 465 κακοῦ.

81 496 107 536 Ι
106 496 150 535 Ρ.

233 486 333 545 οὐχὶ
353 496 608 543 σωφρονεῖν
628 484 663 543 γ’
687 490 853 543 ἔπεμψε
876 486 1012 545 δεῦρό
1032 484 1066 532 σ’
1088 484 1240 544 ἡΔιὸς
1261 488 1420 547 δάμαρ.

82 554 380 603 ΛΤΤ.’Ήλιον
398 554 745 613 μαρτυρόμεσθα
769 552 900 612 δρῶσ’
923 552 951 599 α’
974 559 1088 613 δρᾶν
1111 554 1166 600 οὐ
1191 556 1420 614 βούλομαι.

83 2065 176 2105 ΧΟ.

237 629 277 670 εἰ
305 625 354 669 δὲ
383 624 438 680 δή
466 620 503 679 μ’
525 620 641 681 ’Ἡρα
669 621 720 666 θ’
751 620 1000 681 ὑπουργεῖν
1028 628 1104 668 σοί
1118 622 1148 668 τ’
1172 622 1422 682 ἀναγκαίως

689 695 777 748 ἔχει
1354 703 1423 738 8ῠ9

234 760 359 817 τάχος
375 762 666 817 ἐπιρροίβδην
679 757 723 804 θ’
739 757 949 818 ὁμαρτεῖν
963 757 1021 813 ὡς
1033 762 1257 818 κυνηγέτῃ
1269 761 1422 817 κύνας,

234 829 326 886 εἶμί
343 826 376 886 γ’
396 843 404 851 ·
442 825 545 873 οὔτε
566 827 726 880 πόντος
749 825 866 873 οὕτω
887 828 1051 887 κύμασι
1070 830 1240 874 στένων
1260 829 1423 887 λάβρος

234 895 338 942 οὔτε
370 901 449 954 γῆς
487 895 666 953 σεισμὸς
701 902 926 953 κεραυνοῦ
965 895 1007 942 τ’
1048 896 1221 955 οἶστρος
1259 895 1423 950 ὠδῖνας

689 966 852 1021 πνέων,

238 1031 294 1079 οἷ’
310 1037 392 1092 ἐγώ
409 1036 564 1079 στάδια
581 1037 837 1091 δραμοῦμαι
854 1035 1039 1091 στέρνον
1060 1039 1121 1087 εἰς
1133 1032 1402 1092 Ἡρακλέους

235 1104 308 1148 καὶ
329 1101 586 1160 καταρρήξω
607 1104 810 1159 με’λαθρα
829 1103 904 1147 καὶ
923 1102 1088 1160 δόμους
1107 1105 1354 1161 ἐπεμβαλῶ,

236 1169 347 1216 τέκν’
371 1168 669 1215 ἀποκτείνασα
689 1174 887 1228 πρῶτον·
913 1168 938 1214 ὃ
954 1171 1002 1216 δὲ
1025 1169 1177 1216 κανων
1201 1168 1284 1216 οὐκ
1308 1177 1423 1215 εἴσε-

692 1258 760 1284 ται
1356 1249 1423 1285 865

237 1311 397 1359 παῖδας
429 1304 507 1358 οὓς
528 1304 652 1351 ἔτικτ’
679 1309 893 1364 ἐναίρων,
924 1309 1031 1366 πρὶν
1060 1305 1116 1353 ἂν
1136 1306 1240 1364 ἐμὰς
1260 1307 1424 1360 λύσσας

690 1373 797 1433 ἀφῇ.

235 1440 290 1500 ἦν
311 1442 410 1489 ἰδοὺ
432 1444 506 1488 καὶ
527 1441 582 1499 δὴ
603 1443 800 1489 τινάσσει
819 1448 959 1501 κρᾶτα
978 1446 1207 1501 βαλβίδων
1229 1441 1314 1489 ἄπο

235 1514 308 1557 καὶ
330 1511 629 1570 διαστρόφους
650 1513 813 1557 ἑλίσσει
831 1522 934 1570 σῖγα
954 1510 1217 1571 γοργωποὺς
1237 1512 1383 1570 κόρας.

236 1578 435 1638 ἀμπνοὰς
451 1578 493 1625 δ’
518 1578 573 1624 οὐ
587 1586 868 1639 σωφρονίζει,
890 1586 1053 1638 ταῦρος
1075 1578 1134 1633 ὦς·
1155 1583 1198 1633 ἐς
1216 1580 1423 1638 ἐμβολήν,

238 1649 364 1695 δεινὰ
393 1653 585 1706 μυκᾶται
614 1649 663 1693 δὲ
692 1655 843 1708 Κῆρας
871 1647 1108 1694 ἀνακαλῶν
1144 1648 1219 1701 τὰς
1253 1649 1424 1707 Ταρτά-

692 1737 789 1775 ρου.
1355 1727 1424 1764 870

236 1788 341 1843 τάχα
356 1784 399 1832 6'
419 1785 505 1843 ἐγώ
520 1791 688 1844 μᾶλλον
701 1787 903 1844 χορεύσω
914 1788 988 1831 καὶ
1003 1787 1265 1843 καταυλήσω
1280 1786 1422 1846 φόβω.

234 1853 368 1913 στεῖχ’
402 1857 444 1908 ἐς
479 1853 729 1913 Ούλυμπον
765 1853 1046 1913 πεδαίρουσᾎ
1071 1849 1172 1914 Ἰρι,
1213 1865 1425 1912 γενναῖον

691 1924 829 1969 πόδα·

236 1995 297 2045 εἰς
307 1992 471 2049 δόμους
481 1989 519 2037 δ’
532 1989 657 2049 ἡμεῖς
668 1990 860 2050 ἄφαντοι
874 1991 1124 2051 δυσόμεσθ’
1140 1990 1422 2051 “Ηρακλεόυς.

232 2058 448 2117 ὀτοτοτοῖ,
468 2062 696 2114 στέναξον·
723 2059 1006 2121 ἀποκείρεται
1355 2067 1424 2105 875

236 2127 317 2174 σὸν
338 2126 477 2182 ἄνθος
497 2129 677 2186 πόλεος,
704 2127 726 2174 ὁ
747 2129 858 2183 Διὸς
878 2134 1072 2187 ἔκγονος.

235 2199 387 2254 μέλεος
401 2196 573 2254 Ἑλλάς,
596 2195 623 2241 ἃ
644 2196 723 2242 τὸν
744 2197 984 2257 εὐεργέταν

235 2264 493 2323 ἀποβαλεῖς,
517 2264 633 2319 ὀλεῖς
653 2268 864 2324 μανιάσιν
883 2267 1066 2320 λύσσαις

233 2333 494 2392 χορευθέντ’
518 2333 742 2389 ἀναύλοις.

233 2405 426 2460 βέβακεν
447 2406 494 2448 ἐν
517 2407 747 2463 δίφροισιν
767 2401 794 2449 ἁ
815 2403 1101 2460 πολύστονος,
1354 2409 1423 2446 880
