1633 2538
175 173 259 210 366

170 838 255 876 ΗΡ.

504 175 776 213 ΗΡΑΚΛΗΣ
796 175 1202 214 ΜΑΙΝΟΜΕΝΟΣ

319 294 522 334 θυσίαισι
543 293 738 332 λαΐνοισί
755 285 793 330 τ’
817 288 1116 344 ἐξογκώμασιν

319 363 459 414 τίμιον
477 355 626 409 ἀνάξει
648 352 750 399 πᾶσ’
768 352 1021 411 Ἀθηναίων
1042 355 1179 407 πόλις.

317 423 448 476 καλὸς
469 423 551 481 γὰρ
572 422 717 474 ἀστοῖς
736 424 953 478 στέφανος
965 421 1185 480 Ἑλλήνων
1204 420 1293 468 ῧπο

316 490 444 548 ἄνδρ’
468 491 633 536 ἐσθλὸν
653 488 937 547 ὠφελοῦντας
957 488 1157 542 εὐκλείας
1176 501 1337 547 τυχεῖν.
1405 503 1493 540 1335

317 557 437 616 κᾶγώ
458 561 587 616 χάριν
606 573 676 602 σοι
695 561 769 614 τῆς
790 559 894 614 ἐμῆς
913 564 1130 616 σωτηρίας

317 626 441 685 τήνδ’
467 625 696 671 ἀντιδώσω
710 640 718 648 ·
746 629 832 669 νῦν
854 625 936 683 γὰρ
957 625 997 671 εἶ
1013 635 1157 684 χρεῖος
1178 631 1336 681 φίλων.

316 697 432 750 [θεοὶ
451 693 494 739 δ’
522 693 628 738 ὅταν
650 697 856 750 τιμῶσιν,
880 692 1016 739 οὐδὲν
1035 698 1108 739 δεῖ
1124 698 1289 750 φίλων·

317 761 412 814 ἅλις
434 761 516 818 γὰρ
537 759 559 805 ὁ
580 760 684 813 θεὸς
707 758 916 817 ῶφελῶν,
938 759 1044 807 ὅταν
1064 763 1207 819 θέλῃ.]

312 837 449 886 οἶμοι·
487 828 684 885 πάρεργά
720 847 786 873 τοι
822 827 919 873 τάδ’
942 827 1031 874 ἔστ’
1053 832 1171 887 ἐμῶν
1194 834 1357 873 κακῶν.
1408 840 1494 875 13⁴0

319 896 403 954 ἐγώ
425 897 473 942 δὲ
493 895 595 948 τούς
616 895 754 948 θἐοὐς
775 894 878 941 οὕτε
899 895 1045 954 λέκτρ’
1063 894 1091 941 ἃ
1108 896 1166 954 μὴ
1190 898 1318 953 θέμις

317 969 518 1022 στέργειν
539 970 720 1020 νομίζω,
742 966 880 1022 δεσμά
900 963 937 1009 τ’
960 965 1160 1018 ἐξάπτειν
1177 974 1326 1021 χεροῖν

318 1031 414 1077 οὔτ’
440 1031 600 1089 ἠξίωσα
620 1030 787 1077 πώποτ’
817 1031 919 1076 οὕτε
940 1038 1158 1090 πείσομαι,

318 1099 416 1145 οὐδ’
441 1098 577 1144 ἄλλον
599 1099 736 1144 ἄλλου
757 1101 976 1156 δεσπότην
995 1102 1257 1157 πεφυκέναι.

320 1173 459 1213 δεῖται
480 1167 562 1225 γὰρ
583 1166 606 1213 ὁ
627 1168 751 1222 θεός,
774 1174 895 1223 εἰπερ
917 1166 1005 1212 ἔστ’
1028 1167 1178 1225 ὀρθῶς
1197 1166 1316 1223 θεός,
1409 1177 1494 1212 1345

322 1234 526 1288 οὐδενός·
557 1234 722 1280 ἀοιδῶν
741 1239 834 1280 οἵδε
860 1235 1070 1292 δύστηνοι
1091 1236 1226 1291 λόγοι.

320 1304 571 1360 ἐσκεψάμην
592 1304 640 1347 δὲ
660 1308 818 1360 καίπερ
838 1306 886 1347 ἐν
905 1313 1106 1347 κακοῖσιν
1126 1300 1202 1358 ὧν,

320 1370 379 1426 μὴ
400 1375 571 1415 δειλίαν
593 1368 717 1426 ὄφλω
739 1368 825 1413 τιν’
849 1369 1042 1414 ἐκλιπών
1061 1370 1185 1425 φάος.

320 1447 410 1489 ταῖς
435 1448 683 1494 συμφοραῖς
705 1439 787 1494 γὰρ
811 1437 932 1491 ὅστις
957 1438 1039 1494 οὐχ
1065 1438 1324 1493 ὑφίσταται,

313 1504 412 1551 οὐδ’
437 1505 600 1563 ἀνδρὸς
619 1503 674 1551 ἄν
695 1505 880 1551 δύναιθ’
903 1507 1148 1564 ὑποστῆναι
1167 1508 1293 1564 βέλος
1403 1515 1491 1551 1350

313 1575 646 1631 έγκαρτερήσων
665 1575 885 1619 θάνατον·
908 1574 995 1631 εἶμι
1015 1573 1058 1618 δ’
1082 1579 1142 1627 εἰς
1161 1574 1291 1619 πόλιν

316 1642 395 1698 τὴν
414 1642 497 1698 σὴν
518 1640 647 1697 χάριν
666 1660 710 1686 τε
730 1646 895 1698 μυριάν
916 1642 1074 1696 δώρων
1095 1646 1190 1697 ἔχω.

315 1707 423 1764 ἀτὰρ
444 1710 594 1753 πόνων
615 1708 669 1765 δὴ
689 1713 864 1766 μυρίων
883 1709 1153 1766 ἐγευσάμην·

315 1771 378 1820 ῶν
397 1774 493 1821 οὔτ’
518 1775 706 1821 ἀπεῖπον
726 1774 861 1821 οὐδὲν
881 1774 978 1821 οὔτ’
1002 1774 1080 1821 ἀπ’
1103 1774 1310 1832 ὀμμάτων

316 1846 467 1896 ἔσταξα
490 1844 652 1899 πηγάς,
675 1841 774 1887 οὐδ’
797 1840 852 1887 α”ν
873 1841 1022 1902 ᾠόμην
1043 1843 1147 1887 ποτὲ
1403 1850 1490 1885 1355

316 1915 376 1962 εἰς
395 1907 525 1954 τοῦθ’
550 1911 744 1964 ἱκέσθαι,
768 1908 929 1966 δάκρυ’
953 1908 1030 1954 ἀπ’
1053 1908 1259 1967 ὀμμάτων
1278 1912 1443 1966 βαλεῖν.

318 1982 400 2021 νῦν
421 1975 464 2021 δ’
493 1975 550 2028 ῶς
571 1981 686 2021 ἔοικε
706 1981 758 2034 τῇ
777 1977 886 2035 τύχῃ
906 1979 1186 2022 δουλευτέον.

318 2044 407 2089 εἷεν
420 2060 428 2067 ·
451 2046 622 2101 γεραιέ,
642 2043 717 2096 τὰς
738 2043 842 2100 ἐμὰς
861 2044 1008 2102 φυγὰς
1028 2042 1148 2103 ὁρᾷς,

316 2110 421 2171 ὁρᾷς
441 2113 490 2156 δὲ
510 2115 684 2156 παίδων
703 2108 810 2157 ὄντα
828 2110 874 2168 μ’
900 2110 1129 2168 αὐθέντην
1147 2114 1278 2167 ἐμῶν.

318 2179 394 2231 δὸς
412 2179 572 2223 τούσδε
592 2179 746 2238 τύμβῳ
764 2180 838 2223 καὶ
857 2184 1134 2236 περίστειλον
1152 2174 1340 2233 νεκροὺς
1401 2184 1492 2220 1360

315 2246 545 2303 δακρύοισι
564 2252 724 2303 τιμῶν,
744 2247 818 2303 ἐμὲ
835 2246 919 2303 γὰρ
938 2244 1020 2291 οὐκ
1040 2248 1090 2305 ἐᾷ
1107 2243 1259 2302 νόμος·

318 2313 426 2366 πρὸς
445 2311 590 2370 στέρν’
614 2316 784 2371 ἐρείσας
803 2315 933 2371 μητρὶ
953 2313 1060 2366 δούς
1078 2311 1118 2357 τ’
1140 2314 1184 2364 ές
1202 2309 1407 2368 ἀγκάλας,
