1633 2538
414 191 689 229 ΗΡΑΚΛΗΣ
714 193 1121 232 ΜΛΙΝΟΜΕΝΟΣ
1368 194 1391 230 3
1398 194 1421 230 2
1428 194 1451 230 9

265 311 311 350 τί
332 304 386 363 δὴ
408 303 457 349 τὸ
478 303 644 361 σεμνὸν
664 309 727 364 σῷ
750 310 1059 363 κατείργασται
1082 307 1222 362 πόσει,

263 370 409 429 ὕδραν
433 374 578 417 ἕλειον
598 378 639 418 εἰ
657 372 841 418 διώλεσε
863 373 1039 419 κτανὼν

266 438 290 497 ἦ
310 440 388 485 τὸν
407 442 604 498 Νέμειον
623 439 746 499 θῆρ’;
765 439 818 486 ὃν
838 444 886 487 ἐν
908 442 1085 500 βρόχοις
1106 442 1220 488 ἑλών

265 510 499 566 βραχίονός
520 508 620 567 φησ’
643 508 901 567 ἀγχόναισιν
921 512 1097 564 ἐξελεῖν.

265 575 406 622 τοῖσδ’
430 580 770 635 ἐξαγωνίζεσθε;
789 576 924 624 τῶνδ’
949 577 1014 637 ἄρ’
1041 583 1208 624 εἵνεκεν
1384 593 1449 626 155

264 645 366 698 τούς
380 644 669 704 σΗρακλείους
689 650 848 699 παῖδας
868 646 921 693 οὐ
942 647 1161 705 θνήσκειν
1180 647 1349 705 χρεῶν;

263 711 310 767 ὃς
329 719 427 772 ε’σχε
448 715 581 769 δόξαν
602 713 737 760 οὐδὲν
758 712 821 760 ὠν
842 714 1058 774 εὐψυχίας

259 788 418 864 θηρων
439 786 487 828 ἐν
506 788 652 842 αἰχμῇ,
678 782 813 828 τᾶλλα
835 782 877 828 δ’
901 782 1037 830 οὐδὲν
1056 782 1252 842 ἄλκιμος,

262 848 310 903 ὃς
331 849 480 896 οὔποτ’
503 849 655 896 ἀσπίδ’
683 857 779 909 ἐσχε
803 851 913 909 πρὸς
932 857 1035 913 λαιᾷ
1052 854 1149 911 χερὶ

263 916 365 964 οὐδ’
389 920 502 976 ἠλθε
523 919 681 977 λόγχης
703 920 856 978 ἐγγύς,
881 918 994 966 ἀλλὰ
1014 919 1105 975 τόξ’
1130 926 1264 979 ἔχων,
1386 933 1450 968 160

259 987 467 1032 κάκιστον
488 985 648 1045 ὅπλον,
672 994 725 1048 τῇ
746 993 871 1047 φυγῇ
891 984 1172 1049 πρόχειρος
1144 1009 1214 1047 ην.

260 1053 423 1113 ἀνδρὸς
446 1054 488 1100 δ’
517 1061 693 1114 ἔλεγχος
714 1056 814 1114 οὐχὶ
833 1056 921 1112 τόξ’
947 1056 1176 1115 εὐψυχίας,

259 1122 358 1168 ἀλλ’
381 1121 429 1176 ὃς
448 1126 597 1182 μένων
617 1127 770 1183 βλέπει
790 1144 836 1171 τε
855 1125 1188 1185 κάντιδέρκεται

257 1190 390 1250 δορὸς
412 1203 591 1250 ταχεῖαν
611 1192 749 1239 ἄλοκα
769 1195 892 1248 τάξιν
912 1195 1121 1253 ἐμβεβώς.

257 1265 344 1317 ἔχει
366 1260 416 1306 δὲ
435 1260 602 1319 τούμὸν
621 1260 703 1307 οὐκ
725 1260 972 1320 ἀναίδειαν,
997 1266 1144 1320 γέρον,
1381 1274 1447 1310 165

255 1326 353 1373 ἀλλ’
379 1327 637 1382 εὐλάβειαν·
659 1330 758 1376 οἴδα
779 1330 863 1388 γὰρ
885 1330 1173 1377 κατακτανών

254 1399 459 1454 Κρέοντα
478 1400 647 1456 πατέρα
666 1403 798 1456 τῆσδε
818 1400 893 1444 καὶ
911 1398 1110 1457 θρόνους
1133 1404 1259 1457 ἔχων.

254 1463 423 1511 οὔκουν
441 1468 707 1525 τραφέντων
726 1471 869 1513 τῶνδε
888 1466 1109 1526 τιμωροὺς
1129 1469 1225 1525 ἐμοὶ

251 1534 394 1593 χρῄζω
414 1537 625 1581 λιπέσθαι
646 1540 736 1581 τῶν
753 1538 1040 1594 δεδραμένων
1062 1541 1237 1595 [δίκην].

97 1606 208 1647 ΑΜ.
249 1606 296 1648 τὸ
331 1607 414 1648 τοῦ
432 1602 545 1657 Διὸς
563 1605 645 1662 μὲν
665 1603 777 1657 Ζεὺς
799 1602 1003 1662 ἀμυνέτω
1027 1607 1180 1661 [μέρει]
1377 1614 1444 1652 170

254 1671 433 1724 παιδός·
463 1672 512 1718 τὸ
534 1671 576 1718 δ’
602 1678 663 1726 εἰς
684 1671 760 1731 ἔμ’,
776 1670 1021 1732 “Ηράκλεις,
1048 1676 1145 1731 ἐμοὶ
1163 1675 1284 1732 μέλει

254 1739 425 1797 λόγοισι
444 1739 526 1798 τὴν
545 1740 670 1786 τοῦδ’
694 1740 896 1799 ἀμαθίαν
916 1740 1030 1800 ὑπερ
1051 1744 1188 1788 σέθεν

253 1811 416 1861 δεῖξαι·
448 1814 593 1862 κακῶς
614 1810 697 1867 γάρ
718 1807 762 1854 σ’
786 1809 869 1855 οὐκ
891 1812 1042 1855 ἐατέον
1062 1811 1231 1856 κλυειν.

254 1881 432 1956 πρῶτον
452 1896 534 1934 μεν
554 1879 636 1922 οὐν
661 1876 852 1936 τᾶρρητ’,
874 1881 922 1923 ἐν
943 1877 1174 1936 ἀρρήτοισι
1193 1897 1277 1937 γαρ

255 1943 337 2023 την
357 1946 442 2002 σὴν
461 1951 623 2003 νομίζω
648 1950 821 1991 δειλίαν
831 1944 1105 2004 ,Ἡράκλεες,
1380 1956 1444 1993 175

254 2011 342 2057 σὺν
360 2013 581 2071 μάρτυσιν
605 2021 729 2066 θεοῖς
749 2018 822 2059 δεῖ
839 2013 876 2072 μ’
901 2014 1144 2070 ἀπαλλάξαι
1165 2018 1314 2060 σέθεν.

252 2079 363 2133 Διὸς
382 2081 607 2139 κεραυνὸν
628 2081 671 2127 δ’
695 2081 868 2141 ἠρόμην
887 2085 1112 2142 τέθριππά
1131 2102 1190 2140 τε,

253 2151 300 2193 ἐν
322 2146 385 2202 οἷς
405 2149 609 2208 βεβηκώς
628 2162 742 2196 τοῖσι
762 2156 841 2208 γῆς
860 2153 1135 2210 βλαστήμασι

259 2222 442 2275 Γίγασι,
465 2224 676 2277 πλευροῖς
695 2218 818 2277 πτήν’
841 2221 1086 2279 ἐναρμόσας
1106 2223 1227 2278 βέλη,

251 2284 328 2331 τὸν
349 2292 606 2332 καλλίνικον
625 2287 732 2346 μετὰ
752 2293 875 2333 θεῶν
895 2287 1115 2346 ἐκώμασε·
1375 2298 1443 2334 180

255 2357 537 2412 τετρασκελές
559 2354 608 2400 θ’
632 2354 830 2414 υβρισμα
849 2358 1123 2411 Κενταύρων
1144 2359 1286 2413 γένος,

253 2422 431 2481 Φολόην
452 2424 679 2482 ἐπελθών,
703 2443 735 2469 ω
756 2425 936 2470 κάκιστε
954 2427 1189 2483 βασιλέων,
