1633 2538
413 166 688 204 ΗΡΑΚΛΗΣ
712 166 1121 205 ΜΑΙΝΟΜΕΝΟΣ
1367 164 1450 201 337

259 278 437 326 ἐλαύνει
457 280 586 337 χέρας
606 279 757 336 ἕδραν,

244 346 484 400 ’Ἀτλαντος
503 346 642 404 δόμον
662 344 811 391 ἐλθών
826 361 834 369 ·
1378 362 1448 397 405

258 414 518 476 ἀστρωπούς
535 434 581 460 τε
600 417 811 472 κατέσχεν
834 421 902 460 οἷ’-

261 504 368 539 κους
391 483 605 545 εὐανορίᾳ
624 488 769 529 θεῶν·

262 553 342 599 τὸν
365 553 584 599 ἱππευτάν
602 551 633 597 τ’
652 550 902 610 Ἀμαζόνων
921 554 1111 610 στρατὸν
1286 572 1378 615 στρ.

260 628 470 668 Μαιῶτιν
490 620 604 679 ἀμφὶ
624 621 941 679 πολυπόταμον

259 696 340 749 ἔβα
361 689 414 736 δι’
439 688 657 744 Εὔξεινον
676 689 807 748 οἶδμα
831 695 1002 749 λίμνας,
1380 705 1450 739 410

258 758 338 804 τίν’
361 758 444 805 οὐκ
464 756 538 816 ἀφ’
555 757 784 811 Ἑλλανίας

263 826 430 887 ἄγορον
450 826 607 881 ἁλίσας
627 833 788 886 φίλων,

259 896 394 955 κόρας
408 895 579 954 Ἀρείας
597 898 780 942 πέπλων

256 966 584 1024 χρυσεόστολον
604 965 758 1023 φάρος,

259 1038 479 1092 ζωστῆρος
498 1032 738 1092 ὀλεθρίους
759 1032 910 1092 ἄγρας.
1381 1046 1449 1080 415

257 1101 310 1147 τὰ
330 1101 484 1148 κλεινὰ
505 1100 546 1147 δ’
566 1101 717 1154 Ἑλλὰς
738 1107 869 1160 ε”λαβε
889 1102 1121 1161 βαρβάρου
1141 1103 1276 1160 κόρας

256 1172 451 1229 λάφυρα,
472 1172 546 1216 καὶ
568 1171 749 1226 σώζεται
772 1171 1022 1227 Μυκήναις.

258 1239 338 1284 τάν
358 1259 405 1285 τε
423 1239 730 1298 μυριόκρανον

256 1309 519 1366 πολύφονον
538 1309 654 1353 κύνα
674 1309 848 1365 Λέρνας
1378 1318 1450 1353 420

254 1373 402 1435 ὕδραν
423 1376 704 1433 ἐξεπύρωσεν

257 1446 412 1502 βέλεσί
428 1443 459 1490 τ’
484 1443 754 1503 ἀμφέβαλλε,

257 1513 337 1560 τὸν
356 1513 637 1573 τρισώματον
658 1511 776 1559 οἷσιν
799 1518 845 1559 ἒ-

258 1600 340 1628 κτα
359 1580 505 1641 βοτῆρ’
524 1581 771 1641 Ἐρυθείας.

257 1651 439 1709 δρόμων
458 1649 489 1696 τ’
513 1649 662 1696 ἄλλων
682 1649 889 1709 ἀγάλματ’
914 1648 1076 1708 εὐτυχῆ
1217 1648 1310 1696 ἀντ.
1381 1661 1451 1698 425

259 1723 439 1778 διῆλθε·
459 1720 538 1765 τόν
558 1738 604 1765 τε
625 1719 942 1776 πολυδάκρυον

263 1786 446 1834 ε”πλευσ’
469 1786 700 1845 ἐςἍιδαν,
723 1788 875 1833 πόνων
897 1789 1120 1845 τελευτάν,

257 1855 318 1902 ἵν’
342 1859 595 1915 ἐκπεραίνει
615 1854 748 1910 τάλας

259 1929 415 1983 βιότον
437 1923 537 1971 οὐδ’
563 1930 642 1983 ἔβα
662 1926 806 1970 πάλιν.

258 1996 410 2052 στέγαι
431 1993 474 2040 δ’
498 1998 652 2053 ἔρημοι
671 2000 831 2051 φίλων,
1378 2002 1452 2039 430

259 2062 340 2108 τὰν
362 2067 388 2108 δ
395 2060 405 2077 '
432 2061 671 2120 ἀνόστιμον
690 2065 860 2108 τέκνων

256 2135 472 2191 Χοῖρωνος
491 2133 689 2188 ἐπιμένει
710 2131 852 2176 πλάτα

258 2199 363 2257 βίου
382 2202 604 2245 κέλευθον
624 2198 765 2245 ἄθεον
784 2198 962 2245 ἄδικον·
987 2203 1048 2252 εἰς
1068 2200 1117 2244 δὲ
1137 2198 1217 2250 σὰς

259 2269 388 2327 χέρας
408 2271 561 2326 βλέπει
581 2266 740 2326 δώματ’
765 2267 819 2314 οὐ
841 2268 1070 2325 παρόντος.
1381 2276 1451 2311 435

262 2341 303 2381 εἰ
321 2334 364 2381 δ’
388 2337 473 2394 ἐγὼ
497 2340 659 2391 σθένος
684 2338 805 2397 ἥβων

514 2419 583 2454 408
599 2435 652 2440 —
670 2420 739 2454 424
753 2420 891 2455 :425
909 2437 960 2442 —
975 2422 1039 2456 441

168 2486 219 2511 BT
240 2486 344 2518 Eurip.
366 2488 515 2515 Hercules
536 2490 630 2523 [1329]
1198 2489 1241 2522 22
