1633 2538
119 156 203 191 328

136 1698 267 1737 AYK.

441 157 711 194 ΗΡΑΚΛΗΣ
736 158 1141 198 ΜΑΙΝΟΙΙῙΕΝΟΣ

276 269 333 326 μὴ
354 269 469 314 πόδα
490 269 739 326 προκάμητε
1289 271 1380 320 ἀντ.

282 336 399 393 βαρύ
423 354 464 380 τε
489 341 657 390 κῶλον,
679 334 789 382 ὥστε
810 338 920 394 πρὸς
940 349 1148 396 πετραῖον
1387 351 1452 387 120

280 407 412 455 λέπας
433 404 678 460 ζυγοφόρος
699 402 889 462 ἅρματος
908 410 1042 462 βάρος
1062 409 1214 464 φέρων

281 472 559 528 τροχηλάτοιο
579 476 736 524 πῶλος.

282 544 421 596 λαβοῦ
442 544 584 596 χερῶν
604 541 677 584 καὶ
697 543 890 596 πέπλων,
912 538 1018 586 ὅτου
1039 544 1215 587 λέλοιπε

284 607 417 659 ποδὸς
438 605 641 664 άμαυρόν
662 615 804 664 ἴχνος·

283 678 424 732 γέρων
446 678 629 733 γέροντα
651 677 930 733 παρακομιζε,
1391 689 1456 724 125

284 743 329 787 τὸ
351 744 487 799 πάρος
507 746 554 788 ἐν
577 742 740 801 ἡλίκων
760 745 910 797 πόνοις

283 806 316 871 ᾦ
337 812 531 864 ξύνοπλα
552 811 716 867 δόρατα
736 814 812 857 νέα
833 815 918 872 νέῳ

282 884 419 936 ξυνῆν
439 877 552 934 ποτ’,
576 877 886 932 εὐκλεεστάτας

281 951 489 1003 πατρίδος
513 945 595 992 οὐκ
621 945 786 1005 ὀνείδη.

283 1019 413 1067 ἴδετε,
438 1014 601 1071 πατρὸς
621 1014 679 1068 ῶς
1396 1027 1462 1063 130

286 1088 510 1140 γοργῶπες
532 1087 627 1128 αἵδε
653 1095 920 1141 προσφερεῖς

283 1149 490 1207 ὀμμάτων
509 1149 659 1207 αὐγαί,

286 1219 348 1272 [τὸ
371 1219 417 1263 δὲ
439 1218 494 1274 δὴ
515 1220 751 1276 κακοτυχὲς
774 1218 829 1265 οὐ
852 1223 1054 1266 λέλοιπεν
1073 1223 1120 1266 ἐκ
1139 1221 1338 1278 τέκνων,]

285 1285 383 1330 οὐδ’
406 1284 630 1343 ἀποίχεται
651 1288 785 1343 χάρις.

280 1353 428 1406 Ἐλλὰς
450 1348 483 1398 ῶ
504 1355 754 1412 ξυμμάχους
1399 1365 1464 1403 136

285 1426 405 1473 οἴους
426 1425 545 1474 οἴους
564 1420 753 1468 ὀλέσασα

287 1488 438 1534 τούσδ’
462 1488 765 1548 ἀποστερήσει.

288 1555 384 1601 ἀλλ’
410 1561 567 1614 εἰσορῶ
587 1557 672 1616 γὰρ
693 1562 823 1615 τῆσδε
843 1563 1053 1615 κοίρανον
1071 1557 1234 1615 χθονὸς

288 1627 438 1670 Λύκον
460 1630 662 1682 περῶντα
682 1630 821 1672 τῶνδε
842 1626 1057 1684 δωμάτων
1076 1625 1231 1683 πάρος.

291 1693 367 1736 τὸν
382 1691 642 1750 Ἡράκλειον
662 1696 827 1751 πατέρα
847 1696 921 1739 καὶ
939 1693 1175 1750 ξυνάορον,
1400 1702 1470 1740 140

292 1765 331 1804 εἰ
348 1761 428 1816 χρή
452 1759 507 1817 μ’,
529 1763 698 1817 ἐρωτῶ·
728 1761 809 1818 χρὴ
830 1760 890 1817 δ’,
911 1764 1010 1807 ἐπεί
1025 1780 1075 1819 γε
1097 1761 1311 1819 δεσπότης

294 1826 417 1883 ὑμῶν
439 1827 684 1886 καθέστηχ’,
707 1832 898 1888 ἱστορεῖν
922 1827 949 1874 ἃ
968 1830 1197 1887 βούλομαι.

288 1894 365 1939 τίν’
391 1899 450 1945 εἰς
471 1896 632 1951 χρόνον
651 1902 812 1954 ζητεῖτε
832 1902 1026 1954 μηκῦναι
1047 1902 1172 1954 βιύν;

291 1960 367 2006 τίν’
392 1961 534 2006 ἐλπίδ’
558 1962 698 2020 ἀλκήν
719 1963 749 2008 τ’
774 1969 970 2021 εἰσορᾶτε
989 1963 1048 2021 μὴ
1069 1972 1250 2017 θανεῖν;

292 2026 318 2086 ἢ
337 2027 415 2073 τὸν
435 2029 531 2086 παρ’
544 2028 673 2089 ’Ἅιδῃ
691 2034 855 2088 πατέρα
876 2036 1017 2077 τῶνδε
1037 2036 1243 2089 κείμενον
1402 2041 1468 2080 146

291 2096 521 2141 πιστεύεθ’
547 2096 692 2155 ἥξειν;
713 2096 771 2151 ῶς
794 2098 904 2156 ὑπὲρ
927 2099 1008 2156 τὴν
1027 2098 1155 2153 ἀξίαν

291 2163 338 2208 τὸ
361 2165 526 2217 πένθος
545 2164 739 2222 αἴρεσθ’,
764 2171 804 2211 εἰ
820 2174 982 2212 θανεῖν
1003 2165 1115 2224 ὑμᾶς
1133 2166 1289 2224 χρεῶν,

291 2230 347 2275 σὺ
367 2232 448 2287 μὲν
467 2230 575 2276 καθ’
592 2231 762 2277 Ἑλλάδ’
787 2233 988 2290 ἐκβαλών
1008 2235 1204 2291 κόμπους
1221 2231 1381 2286 κενοὺς

291 2296 349 2350 ῶς
367 2298 589 2356 σύγγαμός
612 2315 680 2345 σοι
702 2301 813 2353 Ζεὺς
860 2311 878 2333 ⁶
928 2310 948 2334 ⁴
997 2312 1016 2334 ⁸¹
1065 2311 1085 2334 ⁴
1130 2310 1151 2334 ⁴
1199 2313 1236 2354 ¹¹,
1432 2348 1436 2352 ,

292 2365 349 2411 σὺ
371 2363 413 2410 δ’
440 2363 498 2418 ῶς
518 2364 701 2423 ἀρίστου
721 2367 868 2425 φωτὸς
888 2369 1079 2427 ἐκλήθης
1103 2368 1263 2428 δάμαρ.
1405 2379 1471 2414 150
