1633 2538
85 285 127 322 A
131 281 195 321 M.

87 485 181 525 XO.

345 190 348 194 .
395 161 669 199 ΗΡΑΚΛΗΣ
694 159 1104 199 ΜΑΙΝΟῙᾺΕΝΟΣ
1347 156 1427 192 357

242 278 455 332 Καδμεῖοι
474 275 702 331 γέροντες,
733 271 787 318 οὐ
808 282 909 330 σῖγα
930 283 1000 317 σῖ-

242 361 298 400 γα
317 341 396 387 τὸν
415 339 545 400 ὕπνῳ
566 343 836 398 παρειμένον
857 339 998 385 ἐάσετ’
1023 343 1096 385 ἐκ-

240 411 463 455 λαθέσθαι
484 412 660 461 κακῶν;

240 476 349 523 κατὰ
369 477 417 522 σε
437 477 650 535 δακρύοις
671 478 833 533 στένω,
856 478 1050 534 πρέσβυ,
1071 477 1145 520 καὶ
1338 485 1427 521 1045

239 548 366 591 τέκεα
384 546 458 590 καὶ
478 544 525 590 τὸ
549 549 810 589 καλλίνικον
830 544 954 601 κάρα.

88 620 198 660 AM.
231 617 450 670 ἑκαστέρω
478 615 693 670 πρόβατε,
719 613 777 669 μὴ

84 891 182 932 ΧΟ.

89 1096 197 1135 AM.

88 1300 183 1340 XO.

90 1368 197 1408 AM.

88 1437 184 1476 XO.

88 1709 185 1749 XO.

89 1778 185 1818 XO.

94 1846 186 1885 XO.

94 1914 186 1953 XO.

90 2118 185 2158 XO.

91 2187 199 2226 AM.

240 691 468 738 κτυπεῖτε,
491 679 549 738 μὴ
572 685 729 738 βοᾶτε,
750 679 809 738 μὴ

243 749 322 794 τὸν
342 743 393 794 εὖ
413 747 452 794 τ’
476 747 651 794 ἰαύονθ’

240 815 452 863 ὑπνώδεά
470 815 509 862 τ’
535 814 668 869 εὐνᾶς
689 818 894 875 ἐγείρετε.
1344 825 1432 859 1050

238 892 371 943 οἴμοι.

241 953 379 1012 φόνος
398 951 500 1005 ὅσος
519 950 591 998 δ’δ’
640 959 750 998 AM.
774 946 801 996 ἆ
820 946 870 1008 ἆ,

241 1022 315 1067 διά
332 1020 378 1079 μ’
400 1020 555 1067 ὀλεῖτε.
604 1027 698 1066 XO.
719 1022 961 1078 κεχυμένος
984 1022 1253 1064 ἐπαντέλλει.

245 1088 327 1136 οὐκ
349 1088 561 1173 ἀτρεμαῖα
581 1094 756 1148 θρῆνον
775 1085 955 1145 αἰάξετ’,
977 1090 1010 1132 ὠ
1031 1090 1259 1147 γέροντες-ς

241 1157 300 1216 μὴ
311 1157 428 1217 δέσμ’
442 1157 783 1217 ἀνεγειρόμενος
794 1154 1165 1215 χαλάσας[ἆπολεῐ
1174 1156 1335 1211 πόλιν,]
1346 1165 1432 1201 1055

242 1226 328 1272 ἀπὸ
349 1227 398 1272 δὲ
416 1229 584 1285 πατέρα
602 1226 808 1285 μέλαθρά
826 1244 873 1270 τε
892 1224 1156 1283 καταρρήξῃ.

241 1293 428 1340 ἀδύνατ’
451 1294 652 1340 ἀδύνατά
670 1314 757 1353 μοι.

241 1373 364 1421 σῖγα,
389 1363 529 1416 πνοὰς
547 1364 680 1421 μάθω
696 1379 704 1387 ·
731 1364 840 1420 φέρε
863 1361 974 1420 πρὸς
994 1357 1073 1414 οὖς
1093 1360 1227 1419 βάλω.

242 1429 388 1485 εὗδει;
431 1437 541 1477 ΛΜ.
564 1436 660 1488 ναί,
686 1429 809 1476 εὕδει
1340 1438 1433 1473 1060

242 1497 389 1545 ὕπνον
408 1496 554 1545 ὕπνον
573 1498 804 1557 ὀλόμενον,

246 1565 297 1621 ὃς
315 1566 439 1613 ἕκαν’
464 1565 648 1626 ἄλοχον,
671 1573 800 1613 ἔκανε
821 1567 871 1612 δὲ
890 1568 1042 1624 τέκεα,
1064 1565 1236 1624 τοξήρει

245 1640 404 1697 ψαλμῷ
425 1637 648 1689 τοξεύσας.

241 1705 421 1759 στέναζέ
436 1723 524 1750 νυν
561 1709 669 1750 ΛΜ.
692 1703 896 1759 στενάζω.
1343 1711 1432 1747 1065

244 1773 415 1818 τέκνων
433 1770 629 1831 ὄλεθρον
675 1778 782 1817 AM.
817 1772 938 1830 ὤμοι.

240 1842 378 1886 σέθεν
398 1859 445 1886 τε
465 1841 636 1893 παιδός.
685 1846 794 1885 AM.
816 1844 923 1885 αἰαῖ.

242 1902 278 1953 οἶ
298 1911 470 1967 πρέσβυ
517 1914 625 1954 ΑΜ.
648 1919 749 1966 σῖγα
769 1918 895 1965 σῖγα·
929 1910 932 1914 ’

245 1982 543 2036 παλίντροπος
562 1976 889 2034 ἐξεγειρόμενος
906 1975 1141 2032 στρέφεται
1154 1987 1163 1997 ·
1190 1970 1296 2031 φέρ’

246 2044 512 2104 ἀπόκρυφον
533 2046 666 2102 δέμας
688 2042 774 2090 ὑπὸ
795 2045 1024 2102 μέλαθρον
1044 2041 1217 2100 κρύψω.
1344 2052 1434 2089 1070

242 2113 423 2172 θάρσει·
445 2112 528 2167 νὺξ
549 2118 636 2170 ἔχει
656 2114 859 2171 βλέφαρα
881 2112 1007 2156 παιδὶ
1026 2112 1102 2171 σῷ.

242 2178 376 2239 ὁρᾶθ’
400 2179 545 2240 ὁρᾶτε.

245 2248 293 2295 τὸ
316 2249 427 2307 φάος
446 2252 643 2295 ἐκλιπεῖν
663 2249 735 2295 ἐπὶ
754 2258 955 2294 κακοῖσιν
975 2245 1029 2292 οὐ

249 2318 403 2375 φεύγω
423 2318 556 2370 τάλας
569 2353 581 2374 ,
604 2315 702 2362 ἄλλ’
727 2323 770 2362 εἴ
785 2335 838 2375 με
857 2324 988 2361 κανεῖ
1004 2312 1157 2371 πατέρ’
1180 2311 1303 2364 ὄντα,

252 2387 359 2441 πρὸς
380 2386 429 2431 δὲ
448 2395 599 2439 κακοῖς
618 2384 731 2430 κακὰ
752 2385 935 2443 μήσεται
1341 2391 1431 2427 1075
