1633 2538
140 1790 222 1829 XO

143 1927 276 1966 AYK.

462 163 731 201 ΗΡΑΚΛΗΣ
755 163 1166 202 ΜΑΙΝΟΜΕΝΟΣ
1413 162 1494 200 331

289 283 367 338 βίᾳ
388 278 435 323 δὲ
458 277 624 336 δράσῃς
643 277 809 334 μηδέν,
835 273 862 333 ἢ
884 281 1025 321 πείσει
1046 282 1163 335 βίαν,
1413 291 1478 325 215

292 344 401 392 ὅταν
415 346 522 398 θεός
545 361 614 391 σοι
638 349 814 402 πνεῦμα
833 344 1098 402 μεταβαλὼν
1122 345 1248 403 τύχῃ.

290 419 379 472 φεῦ
392 429 401 437 ·

289 478 323 528 ῶ
343 492 446 541 γαῖα
466 482 674 540 Κάδμου,
696 483 770 526 καὶ
790 480 875 540 γὰρ
897 487 958 534 εἰς
979 479 1019 527 σ’
1043 479 1256 540 ἀφίξομαι

289 552 451 608 λόγους
472 549 779 609 ὀνειδιστῆρας
799 550 1135 608 ἐνδατούμενος,

288 617 456 666 τοιαῦτ’
479 617 673 676 ἀμύνεθ’
695 617 906 677 (Ηρακλεῖ
922 620 1123 664 τέκνοισί
1137 637 1206 673 τε;

288 685 337 741 ὃς
358 685 419 741 εἷς
439 687 664 733 Μινύαισι
683 692 790 733 πᾶσι
811 687 885 733 διὰ
905 687 1044 745 μάχης
1062 686 1214 746 μολών
1414 700 1483 734 22ῠ

292 753 458 814 Θήβαις
478 760 644 813 ἔθηκεν
664 753 760 814 ὄμμ’
785 756 1031 813 ἐλεύθερον
1050 757 1246 814 βλέπειν.

290 823 389 870 οὐδ’
407 822 585 869 Ἑλλάδ’
607 822 731 884 ᾔνεσ’
756 823 855 870 οὐδ’
878 823 1091 883 ἀνέξομαί
1105 843 1210 871 ποτε

289 897 450 951 σιγῶν,
472 898 687 950 κακίστην
709 893 950 951 λαμβάνων
974 898 1034 947 εἰς
1054 891 1179 938 παῖδ’
1205 894 1325 952 ἐμόν,

294 959 351 1019 ἣν
371 966 483 1020 χρῆν
502 972 703 1015 νεοσσοῖς
723 966 871 1007 τοῖσδε
892 967 982 1020 πῦρ
1005 962 1166 1019 λόγχας
1187 961 1302 1008 ὅπλα

292 1032 523 1090 φέρουσαν
546 1033 721 1088 ἐλθεῖν,
743 1036 941 1076 ποντίων
961 1031 1265 1089 καθαρμάτων
1416 1042 1483 1076 225

290 1099 454 1157 χέρσου
473 1097 513 1144 τ’
537 1097 747 1157 ἀμοιβάς,
772 1093 837 1145 ῶν
855 1099 1104 1158 ἐμόχθησεν
1123 1100 1267 1158 χάριν.

291 1166 345 1212 τὰ
368 1166 429 1225 δ’,
451 1163 486 1212 ῶ
505 1166 634 1224 τέκν’,
656 1165 764 1225 ὑμῖν
783 1166 887 1214 ου’τε
909 1173 1122 1227 Θηβαίων
1142 1168 1269 1222 πόλις

291 1233 398 1281 ούθ’
415 1234 566 1289 Ελλὰς
586 1235 737 1294 ἀρκεῖ·
758 1236 869 1295 πρὸς
889 1235 931 1282 δ’
957 1235 1017 1294 ἔμ’
1042 1235 1214 1295 ἀσθενῆ
1241 1242 1377 1295 φίλον

291 1303 536 1364 δεδόρκατ’,
563 1303 701 1350 οὐδὲν
721 1304 828 1351 ὅντα
848 1305 964 1363 πλὴν
983 1305 1186 1364 γλώσσης
1205 1307 1369 1364 ψόφον.

293 1373 418 1432 ῥώμη
438 1372 523 1432 γὰρ
544 1375 802 1419 ἐκλέλοιπεν
820 1372 878 1432 ἢν
898 1376 1006 1432 πρὶν
1029 1381 1203 1434 εἴχομεν
1217 1390 1225 1398 ·
1417 1384 1485 1419 230

291 1441 408 1502 γήρᾳ
428 1443 478 1488 δὲ
497 1441 689 1501 τρομερὰ
708 1453 814 1500 γυῖα
833 1440 1067 1501 κάμαυρὸν
1084 1444 1261 1497 σθένος.

296 1514 337 1556 εἰ
362 1509 406 1556 δ’
430 1509 459 1571 ἦ
497 1513 599 1564 νέος
616 1530 663 1557 τε
682 1509 781 1556 κᾶτι
801 1512 1000 1570 σώματος
1019 1517 1211 1570 κρατῶν,

294 1578 446 1637 λαβὼν
466 1576 523 1625 ἄν
543 1584 667 1638 ἔγχος
685 1584 820 1625 τοῦδε
838 1579 942 1633 τοὺς
966 1579 1161 1634 ξανθοὺς
1181 1581 1375 1633 πλόκους

296 1647 584 1707 καθῃμάτωσ’
607 1647 685 1706 άν,
708 1646 804 1694 ὥστ’
823 1647 1118 1695 Ἀτλαντικῶν
1137 1650 1279 1707 πέραν

295 1717 485 1800 φεύγειν
505 1715 626 1776 όρων
651 1735 724 1762 νιν
749 1722 893 1776 δειλίᾳ
918 1715 1090 1774 τούμὸν
1116 1717 1244 1775 δόρυ.
1421 1728 1487 1763 235

296 1783 360 1844 ἀρ’
384 1784 467 1830 οὐκ
486 1784 693 1845 ἀφορμὰς
713 1796 803 1838 τοῖς
821 1786 1021 1844 λόγοισιν
1040 1783 1205 1845 αγαθοὶ

297 1859 482 1912 θνητῶν
504 1859 677 1912 έχουσι,
702 1851 787 1899 κᾶν
806 1855 978 1914 βραδύς
998 1874 1063 1907 τις
1081 1875 1108 1913 ῃ
1130 1856 1278 1914 λέγειν
1295 1875 1305 1909 3

298 1922 355 1968 σὺ
377 1923 458 1981 μὲν
478 1921 563 1981 λέγ’
587 1921 700 1981 ἡμᾶς
721 1920 785 1975 οἷς
804 1923 1096 1982 πεπύργωσαι
1116 1923 1277 1982 λόγοις,

300 1990 386 2050 ἐγὼ
409 1992 459 2037 δὲ
479 1992 630 2049 δράσω
654 1990 696 2036 σ’
722 1990 821 2036 ἀντὶ
839 1996 929 2037 τῶν
949 1992 1098 2049 λόγων
1117 1997 1277 2045 κακῶς.

298 2058 380 2118 ἄγ’,
401 2065 448 2106 οἳ
463 2061 545 2118 μὲν
559 2058 770 2117 Ἑλικῶν’,
791 2064 838 2105 0‘1'
853 2061 902 2105 δὲ
920 2066 1167 2119 Παρνασοῦ
1192 2063 1358 2117 πτυχὰς
1422 2070 1490 2105 240

299 2130 479 2186 τέμνειν
498 2127 669 2186 ἄνωχθ’
693 2129 902 2182 ἐλθόντες
923 2127 1177 2188 ὑλουργοὺς
1199 2128 1337 2188 δρυὸς

300 2198 515 2256 κορμούς·
540 2196 724 2242 ἐπειδὰν
745 2195 788 2243 δ’
814 2202 1163 2256 είσκομισθῶσιν
1182 2198 1321 2256 πόλει,

299 2264 454 2323 βωμὸν
473 2267 597 2324 πέριξ
616 2266 831 2323 νήσαντες
851 2264 1035 2325 ἀμφήρη
1054 2267 1164 2322 ξύλα

302 2332 537 2392 ἐμπίπρατ’
560 2332 711 2379 αὐτῶν
729 2337 804 2380 καὶ
823 2340 1020 2392 πυροῦτε
1040 2336 1218 2393 σώματα

303 2402 505 2460 πάντων,
525 2400 578 2447 ἵν’
603 2401 752 2448 εἰδῶσ’
777 2401 921 2449 οὕνεκ’
945 2401 1027 2461 οὐχ
1046 2402 1069 2449 ὁ
1091 2404 1333 2449 κατθανών
1424 2413 1494 2449 245
