1633 2538
183 210 266 247 362

179 1007 273 1047 ΘΗ.

182 2021 228 2061 H
229 2022 270 2060 P.

181 2089 275 2128 ΘΗ.

181 2157 230 2196 H
229 2157 270 2195 P.

181 2225 275 2263 ΘΗ.

181 2291 271 2330 ΗΡ.

182 2359 276 2398 ΘΗ.

180 2426 271 2465 ΗΡ.

494 213 766 250 ΗΡΑΚΛΗΣ
792 211 1199 252 ΜΑΙΝΟΜΕΝΟΣ

328 326 463 383 πάρες
483 323 557 369 ἀπ’
583 323 788 381 ὀμμάτων

328 396 517 447 πέπλον,
540 390 746 448 ἀπόδικε,
778 394 907 448 ῥέθος
927 390 1060 451 ἀελίῳ
1080 394 1244 445 δεῖξον·
1418 402 1504 437 1205

330 461 464 518 βάρος
485 458 727 504 ἀντίπαλον
747 457 1009 517 δακρύοισιν
1028 457 1271 516 ἁμιλλᾶται.

330 527 583 584 ι’κετεύομεν
602 525 714 584 ἀμφὶ
733 526 817 571 σὰν

330 596 536 653 γενειάδα
556 597 629 640 καὶ
649 595 760 652 γόνυ
780 596 852 639 καὶ
875 595 979 651 χέρα
1000 598 1284 651 προσπίτνων

329 664 484 709 πολιόν
503 682 548 708 τε
568 663 764 720 δάκρυον
784 661 997 719 ἐκβαλών.

331 731 381 775 ἰώ
404 742 504 787 παῖ,
526 731 659 775 κατά-
1420 740 1507 775 1210

329 806 461 855 σχεθε
482 802 656 851 λέοντος
675 796 836 856 ἀγρίου
855 798 1021 856 θυμόν,
1043 795 1100 849 ῶς

331 870 501 923 δρόμον
526 870 593 912 ἐπὶ
617 868 779 923 φόνιον
803 865 986 911 ἀνόσιον
1008 866 1172 920 ἐξάγει,

328 932 443 978 κακὰ
461 936 610 978 θέλων
629 944 779 987 κακοῖς
798 935 1015 990 συνάψαι,
1037 936 1206 978 τέκνον.

331 1001 440 1047 εἶεν·
463 1002 511 1046 σὲ
532 1001 609 1046 τὸν
628 1002 855 1047 θάσσοντα
875 1001 1123 1058 δυστήνους
1143 1003 1275 1058 ἕδρας

330 1068 477 1125 αὐδῶ,
501 1075 699 1127 φίλοισιν
719 1069 836 1127 ὄμμα
856 1069 1089 1115 δεικνύναι
1107 1067 1155 1113 τὸ
1176 1068 1270 1114 σόν.
1422 1078 1508 1114 1215

328 1136 475 1190 οὐδεὶς
495 1138 650 1190 σκότος
669 1137 753 1194 γὰρ
774 1132 854 1182 ὧδ’
879 1143 965 1195 ἔχει
984 1138 1122 1194 μέλαν
1140 1137 1289 1194 νέφος,

329 1203 447 1258 ὅστις
467 1210 616 1249 κακῶν
635 1210 728 1250 σῶν
746 1205 984 1263 συμφορὰν
1004 1204 1218 1263 κρύψειεν
1236 1202 1305 1250 ἄν.

332 1279 377 1317 τί
392 1292 465 1330 μοι
487 1278 709 1330 προσείων
728 1283 852 1330 χεῖρα
872 1278 1099 1331 σημαίνεις
1119 1273 1285 1329 φόνους

331 1339 388 1392 ῶς
407 1341 465 1398 μὴ
484 1341 622 1397 μύσος
641 1359 693 1397 με
713 1346 805 1386 σῶν
825 1342 938 1399 βάλῃ
958 1339 1367 1398 προσφθεγμάτωνς

338 1407 474 1453 ουδὲν
493 1410 611 1465 μέλει
633 1428 707 1462 μοι
727 1410 813 1453 σύν
832 1428 881 1466 γε
902 1410 972 1453 σοὶ
991 1408 1207 1465 πράσσειν
1225 1411 1391 1460 κακῶς·
1422 1417 1510 1454 lm

332 1479 404 1521 καὶ
427 1476 509 1533 γάρ
532 1474 628 1521 ποτ’
648 1475 858 1534 ηὐτύχησ’
867 1493 875 1500 ·
905 1474 1037 1521 έκετσ’
1061 1474 1313 1533 ἀνοιστέον,

334 1541 399 1587 ὅτ’
424 1544 636 1597 ἐξέσωσάς
654 1542 701 1600 μ’
728 1549 789 1596 είς
813 1545 924 1601 φάος
943 1548 1119 1601 νεκρῶν
1139 1543 1271 1601 πάρα.

334 1612 461 1667 χάριν
482 1611 530 1656 δὲ
551 1612 864 1668 γηράσκουσαν
882 1615 1076 1668 ἐχθαίρω
1096 1615 1242 1668 φίλων

333 1681 405 1722 καὶ
428 1684 516 1724 τῶν
537 1684 685 1723 καλῶν
704 1680 785 1736 μὲν
805 1677 922 1732 ὅστις
942 1677 1186 1724 ἀπολαύειν
1204 1681 1344 1736 θέλει,

333 1754 551 1803 συμπλεῖν
573 1747 622 1791 δὲ
642 1757 730 1799 τοῖς
754 1753 923 1804 φίλοισι
946 1751 1247 1803 δυστυχοῦσιν
1263 1745 1332 1792 οὗ.
1424 1756 1510 1792 1225

332 1812 547 1870 ἀνι’στασ’,
569 1815 822 1867 ἐκκάλυψον
843 1813 1004 1860 ἄθλιον
1022 1814 1150 1871 κάρα,

334 1885 501 1937 βλέψον
522 1881 630 1938 πρὸς
649 1880 772 1940 ἡμᾶς.
812 1881 930 1935 ὅστις
949 1880 1133 1939 εὐγενὴς
1152 1886 1341 1939 βροτῶν,

330 1952 457 2004 φέρει
478 1949 528 1994 τὰ
548 1955 671 1994 θεῶν
689 1969 739 2007 γε
758 1949 954 2007 πτώματ’
977 1948 1077 1995 οὐδ’
1100 1949 1341 1995 ἀναίνεται.

328 2022 498 2073 Θησεῦ,
520 2019 734 2074 δέδορκας
753 2016 874 2063 τόνδ’
898 2015 1036 2075 ἀγῶν’
1060 2020 1179 2074 ἐμῶν
1200 2019 1391 2069 τέκνων;

335 2082 503 2140 ἥκουσα
515 2119 526 2140 ,
547 2086 621 2129 καὶ
640 2087 848 2142 βλέποντι
867 2090 1095 2143 σημαίνεις
1113 2085 1239 2130 κακά.
1420 2094 1510 2131 12³⁰

326 2156 370 2196 τί
385 2153 496 2209 δῆτά
515 2171 601 2208 μου
621 2151 747 2210 κρᾶτ’
770 2151 1051 2206 ἀνεκάλυψας
1069 2150 1201 2212 ἡλίῳ;

335 2224 380 2263 τί
395 2223 421 2264 δ
428 2218 456 2272 ’;
477 2217 532 2264 οὐ
551 2225 740 2276 μιαίνεις
759 2220 926 2278 θνητὸς
946 2217 1010 2265 ῶν
1029 2219 1082 2265 τὰ
1100 2225 1190 2265 τῶν
1207 2223 1346 2267 θεῶν.

329 2284 480 2343 φεῦγ’,
501 2281 536 2331 ῶ
557 2287 814 2345 ταλαίπωρ’,
837 2286 1019 2333 ἀνόσιον
1037 2285 1193 2345 μίασμ’
1216 2286 1335 2344 ἐμόν.

337 2352 487 2406 οὐδεὶς
506 2353 707 2412 ἀλάστωρ
729 2366 820 2407 τοῖς
839 2361 986 2412 φίλοις
1004 2357 1052 2400 ἐκ
1074 2360 1165 2400 τῶν
1183 2359 1342 2412 φίλων.

328 2420 520 2477 έπῄνεσ’·
544 2417 596 2466 εὖ
615 2422 780 2478 δράσας
800 2425 852 2467 δέ
868 2421 910 2466 σ’
934 2420 1017 2467 οὐκ
1037 2420 1287 2480 ἀναίνομαι.
1424 2430 1508 2467 1235
