1633 2538
205 149 286 185 346

208 947 338 988 AYK.

207 1357 246 1393 A
252 1355 314 1393 M.

209 1693 247 1730 A
258 1691 341 1731 PK.

208 1762 246 1798 A
251 1759 313 1798 M.

536 148 806 187 ΗΡΑΚΛΗΣ
828 149 1232 189 ΜΑῙΝΟΜΕΝΟΣ

359 268 547 314 παιᾶνας
568 260 609 306 δ’
635 263 705 307 ἐπὶ
725 272 816 314 σοῖς
835 262 1073 319 μελάθροις

359 331 523 382 κύκνος
543 327 601 382 ὦς
620 332 764 387 γέρων
783 328 934 382 ἀοιδὸς

360 403 521 445 πολιᾶν
541 400 586 443 ἐκ
608 399 784 455 γενύων

358 467 607 523 κελαδήσω·
628 466 676 510 τὸ
698 466 780 522 γὰρ
802 459 852 510 εὖ

358 546 446 588 τοῖς
466 533 674 592 ὕμνοισιν
695 531 895 591 ὑπάρχει,
1469 541 1538 580 695

357 604 466 657 Διὸς
486 600 509 648 ὁ
530 611 650 654 παῖς·
672 601 720 646 τὸ
742 599 784 646 δ’
808 600 1011 658 εὐγενίας

358 675 482 724 κλέος
501 666 794 726 ὑπερβάλλων
814 668 977 729 [ἀρετᾷ]

357 739 583 796 μοχθήσας
604 738 680 781 τὸν
701 736 873 794 ἄκυμον

358 812 500 863 θῆκεν
520 810 672 862 βίοτον
690 810 865 862 βροτοῖς

358 877 520 931 πέρσας
539 877 721 931 δείματα
740 877 911 930 θηρῶν.
1470 881 1538 917 700

362 946 422 995 εἰς
442 940 600 999 καιρὸν
619 947 770 995 οἴκων,
789 939 1094 998 Ἀμφιτρύων,
1119 944 1199 994 ἔξω
1220 944 1376 1000 περᾷς·

359 1010 515 1068 χρόνος
534 1008 619 1066 γὰρ
639 1007 723 1066 ἤδη
744 1008 878 1066 δαρὸς
896 1012 939 1062 ἐξ
959 1005 1064 1053 ὅτου
1089 1009 1269 1061 πέπλοις

359 1084 598 1134 κοσμεῖσθε
619 1081 743 1133 σῶμα
763 1078 836 1121 καὶ
857 1080 1031 1134 νεκρῶν
1051 1074 1311 1133 ἀγάλμασιν.

359 1144 456 1189 ἀλλ’
481 1143 569 1201 εἶα,
592 1148 750 1196 παῖδας
769 1146 841 1189 καὶ
862 1141 1057 1201 δάμαρθ’
1074 1141 1339 1200 Ἡρακλέους

363 1216 443 1267 ἔξω
465 1214 617 1258 κέλευε
640 1216 779 1257 τῶνδε
801 1217 1044 1269 φαίνεσθαι
1065 1211 1230 1269 δόμων,
1470 1221 1536 1256 705

359 1279 423 1338 ἐφ’
447 1278 512 1334 οἷς
533 1279 731 1338 ὑπέστητ’
756 1278 1101 1337 αὐτεπάγγελτοι
1122 1288 1295 1324 θανεῖν.

359 1348 491 1404 ἅναξ,
514 1350 688 1400 διώκεις
709 1347 747 1405 μ’
770 1346 938 1400 ἀθλίως
958 1347 1210 1403 πεπραγότα

363 1415 495 1473 υβριν
513 1415 562 1460 θ’
587 1414 779 1474 ὑβριζεις
798 1417 869 1461 ἐπὶ
887 1418 1080 1460 θανοῦσι
1100 1424 1190 1466 τοῖς
1210 1417 1349 1471 έμοῖς·

360 1482 387 1528 ὁὶ
407 1488 517 1570 χρῆν
537 1500 586 1529 σε
604 1489 812 1542 μετρίως,
834 1487 905 1529 κεί
921 1492 1117 1540 κρατεῖς,
1136 1481 1302 1528 σπουδ
1288 1501 1340 1539 ην
1360 1485 1489 1539 ἔχειν.

362 1554 456 1597 ἐπεὶ
477 1551 518 1596 δ’
544 1551 744 1609 ἀνάγκην
767 1557 1012 1608 προστίθης
1033 1548 1138 1607 ἡμῖν
1157 1557 1333 1606 θανεῖν,
1472 1560 1538 1595 710

360 1622 562 1677 στέργειν
586 1619 774 1677 ἀνάγκη,
801 1620 1017 1676 δραστέον
1036 1615 1082 1660 θ’
1103 1615 1130 1662 ἃ
1153 1619 1223 1662 σοὶ
1244 1620 1378 1663 δοκεῖ.

364 1693 451 1732 ποῦ
471 1692 580 1745 δῆτα
596 1688 808 1744 Μεγάρας
830 1691 918 1732 ποῦ
937 1683 1047 1731 τέκν’
1067 1683 1311 1743 Ἀλκμήνης
1330 1685 1493 1743 γόνους

357 1759 473 1799 δοκῶ
493 1756 573 1812 μὲν
592 1754 754 1812 αὐτήν,
776 1752 833 1807 ὦς
851 1755 1061 1812 θύραθεν
1082 1754 1266 1810 εἰκάσαι,

209 1826 342 1865 ΑΓΚ.
365 1828 410 1866 τί
423 1828 589 1880 χρῆμα;
611 1823 738 1879 δόξης
758 1821 882 1878 τῆσδ’
905 1826 1014 1877 ἔχεις
1034 1822 1292 1878 τεκμήριον;

207 1895 315 1934 AM.

206 1961 341 2000 AYK.

207 2029 314 2068 AM.

361 1892 498 1934 ἱκέτιν
518 1890 627 1944 πρὸς
646 1889 798 1947 ἁγνοῖς
818 1891 961 1941 ἑστίας
980 1889 1168 1934 θάσσειν
1187 1889 1376 1946 βάθροις
1470 1896 1536 1933 715

363 1956 555 2015 άνόνητά
578 1955 612 2015 γ’
637 1957 924 2002 ἱκετεύουσαν
943 1958 1130 2002 ἐκσῶσαι
1150 1962 1266 2015 βίον.

358 2026 431 2069 καὶ
450 2025 528 2070 τὸν
546 2026 745 2070 θανόντα
765 2023 799 2083 γ’
821 2023 1060 2070 ἀνακαλεῖν
1079 2026 1220 2083 μάτην
1238 2023 1382 2069 πόσιν.

207 2095 341 2136 AYK.
359 2089 384 2135 ὃ
407 2091 447 2136 δ’
472 2091 527 2137 οὐ
549 2094 761 2150 πάρεστιν
780 2091 887 2137 οὐδὲ
906 2091 964 2149 μὴ
985 2093 1097 2150 μόλῃ
1116 2093 1234 2137 ποτέ.

208 2164 316 2203 AM.

360 2158 465 2216 οῧκ,
487 2167 531 2205 εἴ
552 2180 601 2218 γε
625 2162 683 2219 μή
707 2181 769 2214 τις
793 2165 914 2206 θεῶν
939 2159 1197 2216 ἀναστήσειέ
1218 2178 1299 2204 νιν.

209 2231 342 2271 AYK.
362 2227 495 2285 χώρει
515 2227 625 2285 πρὸς
642 2226 782 2285 αὐτὴν
802 2229 875 2272 καὶ
896 2226 1034 2284 κόμιζ’
1058 2230 1105 2272 ἐκ
1126 2226 1354 2284 δωμάτων.
1471 2235 1538 2271 ‘Im

210 2299 317 2338 AM.

359 2297 536 2352 μέτοχος
559 2292 614 2340 ἂν
636 2302 731 2352 εἴην
749 2299 830 2339 τοῦ
852 2294 998 2352 φόνου
1017 2295 1180 2352 δράσας
1200 2293 1313 2339 τόδε.

212 2365 342 2406 ΑΓΚ.
365 2359 509 2419 ἡμεῖς,
530 2361 683 2419 ἐπειδὴ
703 2362 772 2407 σοὶ
789 2360 882 2407 τόδ’
905 2359 986 2406 ἔστ’
1009 2362 1241 2419 ἐνθύμιον,
