1633 2538
109 300 237 341 ΑΓΓ.

110 372 151 408 A
155 369 195 409 Γ
194 371 237 409 Γ.

108 505 150 544 A
153 503 238 544 ΓΓ.

111 571 203 612 XO.

109 915 148 953 A
150 912 235 952 ΓΓ.

412 181 688 219 ΗΡΑΚΛΗΣ
715 181 1123 222 ΜΑΙΝΟΜΕΝΟΣ
1374 179 1459 216 353

265 298 452 339 τεθνᾶσι
472 297 637 345 παῖδες.
688 299 913 340 ΧΟ.ἀίαἴ.

263 359 509 419 στενάζεθ’,
535 359 593 414 ὠς
613 361 843 406 στενακτά.
893 367 985 406 ΧΟ.
1012 360 1123 405 δάιοι
1148 359 1302 416 φόνοι,

263 431 383 476 δάιοι
402 431 451 475 δὲ
471 430 636 475 τοκέων
654 439 810 486 χεῖρες.
1381 442 1446 478 915

266 497 350 543 οὐκ
371 495 430 542 ὅῖν
449 516 513 550 τις
532 504 649 542 εἴποι
668 501 839 554 μᾶλλον
856 493 885 553 ἢ
904 496 1209 555 πεπόνθαμεν,

261 571 351 618 πῶς
371 567 498 610 παισὶ
517 565 761 610 στενακτὰν
781 563 891 610 ἄταν
910 563 1021 609 ἄταν

261 635 448 691 πατέρος
468 632 730 691 ἆμφαι”νεις;

262 705 364 760 λέγε
383 707 483 747 τίνα
502 701 670 758 τρόπον
691 706 822 747 ἔσυτο
843 700 1015 747 θεόθεν
1038 702 1110 746 ἐπὶ

260 772 463 828 μέλαθρα
482 768 597 815 κακὰ
619 770 723 814 τάδε
1381 781 1448 816 920

262 839 475 896 τλήμονές
502 856 549 883 τε
571 842 747 883 παίδων
771 839 911 896 τύχαι.

263 906 359 965 ἱερὰ
378 908 460 965 μὲν
478 903 536 964 ἦν
555 907 778 963 πάροιθεν
797 907 983 963 ἐσχάρας
998 908 1109 957 Διὸς

263 973 467 1033 καθάρσι’
492 982 650 1032 οἴκων,
673 980 751 1033 γῆς
772 972 919 1019 ἄνακτ’
944 976 1038 1020 ἐπεὶ
1059 972 1234 1019 κτανὼν

259 1045 436 1101 ἐξέβαλε
453 1047 597 1088 τῶνδε
616 1044 837 1101 δωμάτων.
848 1041 1087 1100 Ἡρακλέης
1099 1057 1107 1065 ·

259 1111 392 1169 χορὸς
412 1111 461 1157 δὲ
482 1117 786 1170 καλλίμορφος
806 1111 996 1168 εῐστήκει
1016 1114 1186 1156 τέκνων
1380 1122 1444 1157 925

260 1180 401 1237 πατήρ
422 1199 468 1225 τε
489 1180 681 1238 Μεγάρα
701 1178 741 1225 τ’
755 1194 763 1201 ·
785 1183 833 1225 ἐν
852 1179 1004 1239 κύκλῳ
1024 1178 1068 1224 δ’
1092 1177 1180 1236 ἤδη
1199 1184 1370 1224 κανοῦν

265 1251 427 1293 εἵλικτο
451 1253 629 1305 βωμοῦ,
651 1250 835 1306 φθέγμα
854 1246 897 1292 δ’
920 1244 1047 1291 ὅσιον
1068 1253 1255 1304 εἴχομεν.

257 1317 432 1373 μέλλων
451 1315 500 1361 δὲ
520 1315 660 1361 δαλὸν
682 1318 796 1374 χειρὶ
817 1318 940 1375 δεξιᾷ
959 1317 1130 1372 φέρειν,

260 1388 321 1437 εἰς
339 1383 510 1443 χέρνιβ’
536 1382 595 1437 ὡς
613 1384 823 1443 βάψειεν,
840 1383 1083 1442 Ἀλκμήνης
1101 1382 1228 1437 τόκος

255 1456 357 1510 ἔστη
376 1458 533 1511 σιωπῇ.
564 1455 639 1498 καὶ
656 1459 936 1512 χρονίζοντος
954 1452 1120 1509 πατρὸς
1376 1462 1447 1499 930

255 1524 411 1573 παῖδες
429 1523 676 1577 προσέσχον
697 1518 803 1578 ὄμμ’
818 1536 827 1544 ·
865 1518 889 1561 ὃ
911 1518 954 1565 δ’
979 1517 1138 1565 οὐκέθ’
1161 1517 1297 1573 αὐτὸς
1316 1513 1385 1578 ἦν,

252 1585 350 1632 ἀλλ’
373 1591 422 1633 ἐν
441 1598 706 1647 στροφαῖσιν
730 1586 938 1646 ὀμμάτων
957 1589 1240 1645 ἐφθαρμένος

255 1658 373 1713 ῥίζας
393 1654 432 1701 τ’
455 1659 504 1702 ἐν
526 1655 676 1709 ὄσσοις
694 1655 948 1714 αἰματωπὸς
970 1656 1184 1714 ἐκβαλών,

255 1722 404 1782 ἀφρὸν
422 1723 646 1779 κατέσταζ’
671 1723 880 1782 εὐτρίχου
902 1725 1143 1781 γενειάδος.

253 1793 371 1845 ἔλεξε
391 1789 433 1837 δ’
457 1789 545 1850 ἅμα
565 1795 725 1850 γέλωτι
746 1794 1183 1853 παραπεπληγμένῳ·
1374 1802 1441 1839 935

252 1857 412 1917 πάτερ,
433 1865 481 1905 τί
495 1861 597 1906 θύω
617 1862 726 1918 πρὶν
745 1871 925 1907 κτανεῖν
942 1858 1189 1918 Εὐρυσθέα

251 1927 503 1985 καθάρσιον
522 1933 636 1987 πῦρ,
659 1930 734 1973 καὶ
754 1929 919 1981 πόνους
945 1932 1131 1982 διπλοῦς
1150 1933 1232 1984 ἔχω

251 1994 351 2049 ἐξὸν
370 2001 472 2052 μιᾶς
489 2015 564 2053 μοι
583 1995 730 2055 χειρὸς
751 1991 803 2042 εὖ
822 1999 990 2042 θέσθαι
1009 1997 1137 2050 τάδε;

253 2060 361 2108 ὅταν
381 2062 425 2108 δ’
448 2065 615 2122 ἐνέγκω
636 2068 773 2123 δεῦρο
795 2063 922 2123 κρᾶτ’
943 2062 1234 2121 Εὐρυσθέως,

250 2132 323 2176 ἐπὶ
341 2141 454 2177 τοῖσι
474 2136 563 2177 νῦν
581 2138 806 2178 θανοῦσιν
823 2131 963 2191 ἆγνιῶ
983 2135 1126 2191 χέρας.
1369 2141 1439 2177 940

250 2201 416 2256 ἐκχεῖτε
436 2201 599 2258 πηγάς,
622 2199 793 2259 ῥίπτετ’
813 2204 861 2247 ἐκ
880 2206 1044 2259 χειρῶν
1062 2205 1188 2246 κανᾶ.

248 2271 315 2320 τίς
333 2286 408 2325 μοι
428 2272 588 2314 δίδωσι
606 2270 735 2324 τάξας
755 2275 821 2323 τίς
839 2268 883 2315 δ’
907 2268 1046 2315 ὅπλον
1063 2268 1213 2326 χερόςὲ

248 2333 359 2392 πρὸς
377 2335 454 2388 τὰς
472 2337 696 2394 Μυκήνας
718 2337 806 2396 εἶμι
821 2353 831 2362 ·
852 2338 1069 2392 λάζυσθαι
1089 2335 1233 2394 χρεων

248 2402 440 2460 μοχλοὺς
460 2407 664 2458 δικέλλας
682 2403 749 2463 θ’,
772 2404 830 2459 ὦς
848 2404 901 2450 τὰ
922 2404 1188 2449 Κυκλώπων
1208 2402 1359 2461 βάθρα

170 2482 222 2508 ΒΤ
241 2482 347 2515 Eun-ip.
368 2485 516 2513 Hercules
539 2489 632 2522 [1829]
1196 2493 1241 2527 23
