1633 2538
184 171 267 207 350
510 174 780 213 ΗΡΑΚΛΗΣ
807 174 1211 214 ΜΑΙΝΟΜΕΝΟΣ

184 294 256 335 IP.
339 295 547 344 θαρσεῖτε
570 285 748 339 Νυκτὸς
769 284 895 343 τήνδ’
919 284 1110 344 ὁρῶντες
1130 292 1318 345 ἔκγονον

339 356 546 411 Λύσσαν,
570 357 795 411 γέροντες,
816 353 925 412 κᾶμὲ
945 354 1027 411 τὴν
1045 360 1169 400 θεῶν
1189 356 1342 412 λάτριν

335 418 457 479 Ἰριν·
493 423 617 467 πόλει
639 422 722 480 γὰρ
743 421 878 468 οὐδὲν
899 421 1065 479 ἥκομεν
1084 424 1261 480 βλάβος,

339 490 437 542 ἑνὸς
458 490 499 536 δ’
523 489 584 536 ἐπ’
608 489 771 547 ἀνδρὸς
791 491 970 547 δώματα
991 491 1303 548 στρατεύομεν,
1451 501 1521 539 825

337 557 390 603 ὄν
409 575 548 616 φασιν
569 558 681 603 εἶναι
703 559 844 616 Ζηνὸς
861 557 1103 616 Ἀλκμήνης
1123 556 1154 603 τ’
1177 556 1276 604 ἄπο.

339 628 446 682 πρὶν
468 627 549 684 μὲν
569 627 652 683 γὰρ
673 625 843 679 ἄθλους
862 629 1170 683 ἐκτελευτῆσαι
1190 626 1392 683 πικρούς,

336 694 384 739 τὸ
405 695 485 751 χρή
512 713 584 738 νιν
609 698 834 750 ἐξέσωζεν,
861 694 961 738 οὐδ’
992 701 1059 738 εἰά
1084 694 1226 750 πατὴρ

338 764 450 815 Ζεύς
471 782 544 807 νιν
564 767 709 814 κακῶς
734 766 846 819 δρᾶν
866 760 954 806 οὔτ’
980 761 1040 819 ἔμ’
1062 760 1169 807 οὔθ’
1191 760 1338 818 ”Ηραν
1356 764 1474 809 ποτέ.

339 832 434 875 ἐπεὶ
454 831 502 875 δὲ
521 831 717 887 μόχθους
739 829 964 886 διεπέρασ’
991 829 1278 887 Εὐρυσθέως,
1449 840 1519 877 830

323 896 437 953 ’Ἡρα
457 898 679 954 προσάψαι
701 898 853 942 κοινὸν
873 895 956 954 αἷμ’
980 897 1100 958 αὐτῷ
1121 900 1245 943 θέλει

334 970 492 1018 παῖδας
513 971 866 1022 κατακτείναντι,
887 969 1092 1011 συνθέλω
1113 964 1151 1011 δ’
1179 966 1280 1023 ἐγώ.

332 1032 422 1077 ἀλλ’
447 1032 519 1089 εἷ’,
543 1033 755 1091 ἄτεγκτον
777 1040 1060 1092 συλλαβοῦσα
1080 1038 1283 1091 καρδίαν,

331 1102 510 1154 Νυκτὸς
530 1107 734 1159 κελαινῆς
756 1101 994 1159 ἀνυμέναιε
1017 1104 1231 1159 παρθένε,

331 1176 490 1225 μανιάς
510 1168 540 1214 τ’
565 1168 625 1215 ἐπ’
649 1169 781 1226 ἀνδρὶ
803 1175 914 1230 τῷδε
935 1173 1009 1216 καὶ
1029 1170 1350 1223 παιδοκτόνους
1447 1179 1514 1216 835

333 1243 514 1295 φρενῶν
535 1239 785 1295 ταραγμοὺς
807 1240 881 1283 καὶ
901 1242 1053 1283 ποδῶν
1072 1237 1342 1296 σκιρτήματα

333 1310 490 1350 ἔλαυνε
512 1311 640 1360 κίνει,
666 1307 826 1363 φόνιον
847 1309 950 1358 ἐξιέι
968 1307 1131 1363 κάλων,

331 1373 389 1425 ὡς
411 1372 467 1418 ἄν
485 1375 707 1430 πορεύσας
726 1373 779 1419 δι’
799 1374 1082 1433 Ἀχερούσιον
1101 1375 1244 1430 πόρον

330 1442 407 1486 τὸν
429 1447 693 1488 καλλίπαιδα
713 1446 934 1499 στέφανον
954 1441 1154 1500 αὐθέντῃ
1173 1442 1300 1502 φόνῳ

330 1515 421 1569 γνῷ
442 1512 522 1567 μὲν
544 1509 766 1567 τὸνἽ-Ῑρας
788 1508 879 1562 οἷός
902 1509 983 1555 ἐστ’
1009 1508 1130 1569 αὐτῷ
1152 1510 1293 1567 χόλος,
1443 1519 1513 1556 840

330 1579 453 1636 μα’θῃ
475 1579 524 1623 δὲ
543 1577 620 1623 τὸν
640 1579 767 1636 έμόν·
790 1576 817 1635 ἢ
838 1580 938 1623 θεοὶ
958 1578 1040 1635 μὲν
1059 1576 1275 1634 οὐδαμοῦ,

330 1646 380 1689 τὰ
403 1646 545 1702 θνητὰ
566 1645 610 1691 δ’
634 1652 754 1692 ἔσται
775 1647 957 1704 μεγάλα,
981 1649 1039 1704 μὴ
1061 1645 1218 1698 δόντος
1237 1649 1381 1703 δίκην.

178 1718 305 1757 AYT.
332 1717 373 1766 ἐξ
396 1713 608 1770 εὐγενοῦς
628 1715 709 1771 μὲν
728 1714 891 1772 πατρὸς
911 1719 957 1759 ἔκ
979 1732 1024 1759 τε
1043 1715 1230 1771 μητέρος

328 1784 528 1837 πέφυκα,
552 1783 728 1835 Νυκτὸς
750 1781 963 1839 Οὐρανοῦ
984 1781 1014 1826 τ’
1039 1780 1112 1838 ἀφ’
1135 1785 1332 1838 αἵματος·

327 1849 453 1906 τιμὰς
472 1849 516 1895 δ’
541 1856 623 1907 ἔχω
644 1849 784 1906 τάσδ’,
811 1849 894 1895 οὐκ
915 1849 1168 1907 ἀγασθῆναι
1187 1853 1349 1906 φίλοις,
1439 1859 1508 1896 84⁵

325 1916 426 1962 οὐδ’
451 1917 611 1975 ἥδομαι
632 1917 819 1974 φοιτῶσ’
845 1916 906 1963 ἐπ’
930 1916 1187 1973 ἀνθρώπων
1213 1921 1415 1974 [φίλους].

327 1989 587 2040 παραινέσαι
611 1989 681 2042 δέ,
708 1989 814 2044 πρὶν
835 1992 1082 2043 σφαλεῖσαν
1108 1989 1304 2042 εἰσιδεῖν,

314 2050 428 2111 ’Ἡρα
450 2056 568 2098 θέλω
589 2060 662 2099 σοι’
677 2053 725 2110 τ’,
747 2052 802 2111 ἦν
822 2052 1014 2111 πίθησθ’
1039 2056 1157 2111 ἐμοῖς
1177 2053 1338 2110 λόγοις.

326 2118 438 2179 ἀνὴρ
459 2119 528 2166 ὅδ’
554 2120 636 2167 οὐκ
656 2121 821 2179 ἄσημος
840 2120 928 2167 οὔτ’
952 2124 1023 2167 ἐπὶ
1043 2123 1177 2179 χθονὶ

326 2186 415 2233 οὔτ’
440 2192 487 2234 ἐν
508 2197 705 2245 θεοῖσιν,
731 2184 786 2235 οὗ
805 2193 857 2248 γέ
873 2188 911 2248 μ’
937 2192 1188 2247 εἰσπέμπεις
1207 2186 1395 2247 δόμους·
1437 2197 1507 2233 8⁵0

325 2255 492 2315 ἄβατον
513 2259 561 2304 δὲ
580 2258 729 2316 χώραν
748 2260 822 2304 καὶ
842 2259 1074 2304 θάλασσαν
1092 2256 1255 2317 ἀγρίαν

326 2326 621 2383 ἐξημερώσας,
642 2331 766 2372 θεῶν
785 2325 1024 2384 ἀνέστησεν
1043 2326 1178 2384 μόνος

325 2393 450 2450 τιμὰς
470 2395 709 2447 πιτνούσας
728 2393 922 2439 ἀνοσίων
942 2392 1122 2452 ἀνδρῶν
1143 2391 1252 2438 ὕπο·
