1633 2538
163 175 246 212 338
487 181 760 219 ΗΡΑΚΛΗΣ
782 180 1189 220 ΜΑΙΝΟΜΕΝΟΣ

313 292 425 347 δόρυ
445 290 475 335 τ’
501 297 692 337 ἔπαλλον
711 294 759 337 ἐν
779 296 910 350 αι’χμᾷ

313 364 549 416 Καδμείων
569 379 614 405 τε
636 360 836 417 σύνηβοι,

311 431 481 472 τέκεσιν
499 425 554 471 ἄν
574 431 794 485 παρέσταν

309 494 440 555 ἀλκᾷ·
465 501 549 540 νῦν
570 495 612 540 δ’
637 494 929 551 ἀπολείπομαι
1420 507 1491 542 440

304 568 384 616 τᾶς
405 563 668 621 εὐδαίμονος
688 561 809 620 ἥβας.

307 631 403 675 ἀλλ’
427 635 566 688 ἐσορῶ
588 631 670 688 γὰρ
692 631 848 675 τούσδε
868 631 1105 686 φθιμένων

309 699 450 745 ἔνδυτ’
475 705 673 756 ἔχοντας,
695 697 797 751 τούς
817 702 894 742 τοῦ
914 699 1108 755 μεγάλου

307 769 376 825 [δή
396 786 497 813 ποτε
518 771 689 822 παῖδας]
712 766 758 811 τὸ
779 768 885 823 πρὶν
899 764 1186 824 Ἡρακλέους,

307 834 469 892 ι’ἱλοχον
489 854 532 880 τε
554 841 691 892 φίλην
712 833 1025 891 ὑποσειραιόυς
1420 845 1488 881 445

306 906 437 948 ποσὶν
458 906 674 948 ἕλκουσαν
699 904 829 947 τέκνα
850 904 919 946 καὶ
944 902 1126 958 γεραιὸν

308 970 452 1027 πατέρ’
470 970 748 1027 Ἡρακλέους.
770 972 986 1027 δύστηνος
1005 971 1113 1027 ἐγώ,

307 1039 517 1096 δακρύων
539 1037 596 1091 ὠς
617 1038 671 1084 οὐ
692 1040 885 1096 δύναμαι
906 1040 1104 1095 κατέχειν

309 1112 463 1165 γραίας
483 1106 630 1152 ὅσσων
651 1113 712 1153 ἔτι
732 1108 884 1164 πηγάς.
1419 1117 1487 1152 450

149 1181 257 1222 ME.
303 1175 413 1221 εἶεν·
443 1181 507 1228 τίς
531 1176 696 1231 ἱερεύς,
718 1181 782 1228 τίς
802 1175 1000 1232 σφαγεὺς
1020 1180 1109 1219 τῶν
1128 1174 1396 1233 δυσπότμων

308 1241 332 1301 ἢ
354 1249 428 1300 τῆς
451 1249 658 1301 ταλαίνης
679 1249 752 1300 τῆς
772 1246 875 1301 ἐμῆς
896 1248 1036 1300 ψυχῆς
1056 1242 1250 1299 φονεύςς

307 1310 435 1368 ἕτοιμ’
458 1311 582 1369 ἄγειν
602 1311 653 1356 τὰ
674 1310 830 1369 θύματ’
855 1309 1078 1362 εἰς”Αιδου
1099 1310 1215 1356 τάδε.

307 1374 340 1425 ὦ
361 1378 488 1435 τέκν’,
527 1381 726 1438 ἀγόμεθα
759 1385 910 1438 ζεῦγος
931 1377 985 1424 οὐ
1006 1379 1143 1424 καλὸν
1160 1384 1348 1436 νεκρῶν,

308 1447 420 1505 ὁμοῦ
443 1451 646 1506 γέροντες
666 1451 737 1492 καὶ
759 1450 849 1493 νέοι
869 1450 942 1492 καὶ
964 1450 1159 1505 μητέρες.
1416 1457 1485 1491 455

311 1511 344 1560 ὦ
366 1526 496 1572 μοῖρα
519 1514 768 1561 δυστάλαιν’
807 1515 886 1572 ἐμή
909 1532 953 1559 τε
983 1517 1056 1559 καὶ
1077 1517 1247 1560 τέκνων

308 1583 457 1633 τῶνδ’,
484 1583 562 1636 οὓς
583 1583 815 1629 πανύστατ’
839 1582 1029 1641 ὄμμασιν
1051 1584 1391 1640 προσδέρκομαι.

309 1659 460 1697 ἔτεκον
479 1654 560 1710 μὲν
582 1650 714 1710 ὑμᾶς,
737 1657 960 1709 πολεμίοις
980 1649 1022 1696 δ’
1046 1651 1305 1710 ἐθρεψάμην

310 1719 500 1778 ὕβρισμα
521 1719 772 1778 κάπίχαρμα
792 1723 863 1765 καὶ
884 1720 1154 1777 διαφθοράν.

308 1794 415 1844 φεῦ·

312 1851 335 1914 ἦ
357 1857 468 1902 πολύ
488 1876 540 1915 με
562 1857 691 1915 δόξης
715 1859 946 1912 ἐξέπαισαν
970 1859 1157 1913 ἐλπίδες,
1414 1865 1484 1902 460

310 1923 363 1982 ἢν
383 1925 544 1982 πατρὸς
565 1923 691 1982 ὑμῶν
711 1928 758 1970 ἐκ
783 1926 929 1983 λόγων
949 1922 1040 1970 ποτ’
1061 1923 1238 1982 ἤλπισα.

308 1994 378 2037 σοὶ
398 1994 478 2049 μὲν
498 1992 747 2051 γὰρ”Αργος
767 1991 879 2050 ἔνεμ’
901 1990 924 2038 ὁ
944 1991 1184 2037 κατθανών
1203 1992 1359 2050 πατήρ,

310 2058 584 2116 Εὐρυσθέως
605 2060 648 2106 δ’
671 2066 845 2118 ἔμελλες
865 2061 1061 2117 οἰκήσειν
1081 2059 1247 2118 δόμους

307 2132 381 2184 τῆς
402 2129 705 2186 καλλικάρπου
724 2128 881 2186 κράτος
903 2134 1015 2185 ἔχων
1034 2132 1298 2185 Πελασγίας,

308 2196 467 2252 στολήν
486 2215 532 2241 τε
552 2196 692 2254 θηρὸς
712 2195 965 2255 ἀμφέβαλλε
984 2201 1045 2256 σῷ
1066 2196 1180 2256 κάρᾳ
1416 2204 1483 2241 465

308 2265 503 2319 λέοντος,
528 2259 642 2321 ᾗπερ
663 2263 795 2318 αὐτὸς
814 2268 1088 2319 ἐξωπλίζετο·

309 2329 365 2374 σὺ
386 2329 428 2375 δ’
452 2325 571 2388 ἦσθα
592 2337 753 2389 Θηβῶν
772 2337 861 2377 τῶν
880 2331 1169 2390 φιλαρμάτων
1187 2328 1309 2387 ἅναξ,

312 2403 502 2455 ἔγκληρα
523 2402 653 2444 πεδία
676 2398 789 2457 τάμὰ
809 2405 887 2457 γῆς
906 2401 1181 2457 κεκτημένος,
