1633 2538
155 170 239 207 342

151 1583 244 1623 XO.

150 1718 258 1758 AM.

151 1854 243 1893 ΗΡ.

151 1923 193 1961 A
196 1922 258 1960 M.

159 2395 250 2436 ΗΡ.

473 171 745 210 ΗΡΑΚΛΗΣ
769 168 1176 209 ΜΛΙΝΟΜΕΝΟΣ

297 291 428 343 φίλας
450 282 634 341 ἀμοιβὰς
656 287 846 340 ὄμμασιν
864 281 1146 340 δεδορκότεςς

297 352 382 411 ἐγώ
407 354 476 409 δέ,
498 357 583 396 νῦν
603 350 685 409 γὰρ
707 356 781 408 τῆς
801 353 904 408 ἐμῆς
926 354 1057 407 ἔργον
1076 349 1215 407 χερός,
1409 358 1476 396 565

298 426 475 479 πρῶτον
493 421 574 478 μὲν
595 418 682 476 εἶμι
702 420 775 463 καὶ
794 419 1060 471 κατασκάψω
1081 416 1246 475 δόμους

298 495 465 535 καινῶν
485 488 744 546 τυράννων,
770 491 907 543 κρᾶτα
927 484 969 529 δ’
994 485 1176 531 ἀνόσιον
1196 479 1342 542 τεμῶν

298 562 413 616 ῥίψω
435 561 588 602 κυνῶν
607 558 792 612 ἕλκημα·
816 558 1054 610 Καδμείων
1075 551 1116 599 δ’
1143 551 1276 607 ὅσους

297 624 460 677 κακοὺς
476 626 672 681 ἐφηῦρον
695 616 747 668 εὖ
766 622 992 675 παθόντας
1014 624 1056 675 ἐξ
1076 623 1198 679 ἐμοῦ,

296 699 356 754 τῷ
378 697 617 752 καλλινίκῳ
636 690 742 752 τῷδ’
766 689 887 751 ὅπλῳ
907 690 1193 749 χειρώσομαι·
1253 726 1258 731 .
1411 697 1479 735 570

298 761 401 814 τοὺς
421 762 468 806 δὲ
491 771 727 817 πτερωτοῖς
747 765 980 815 διαφορῶν
999 758 1231 815 τοξεύμασι

298 834 471 887 νεκρῶν
489 826 639 874 ἅπαντ’
660 826 859 886 Ἰσμηνὸν
878 826 1084 884 ἐμπλήσω
1103 826 1264 884 φόνου,

299 903 468 956 Δίρκης
490 915 533 942 τε
555 902 670 953 νᾶμα
691 899 854 942 λευκὸν
873 895 1206 952 αἱμαχθήσεται.

299 971 357 1025 τῷ
379 967 462 1022 γάρ
482 964 519 1022 μ’
546 963 732 1022 ἀμύνειν
754 970 921 1022 μᾶλλον
940 960 968 1020 ἦ
990 962 1177 1020 δάμαρτι
1196 959 1278 1019 χρὴ

300 1035 373 1078 καὶ
394 1035 518 1078 παισὶ
538 1035 609 1076 καὶ
631 1035 831 1089 γέροντι;
857 1031 1103 1088 χαιρόντων
1122 1030 1272 1075 πόνοι·
1413 1038 1479 1075 575

298 1104 440 1160 μάτην
459 1099 544 1158 γάρ
565 1097 728 1153 αὐτοὺς
748 1103 887 1144 τῶνδε
907 1103 1075 1156 μᾶλλον
1099 1097 1256 1156 ἤνυσα.

300 1171 373 1215 καὶ
393 1173 465 1214 δεῖ
479 1167 517 1226 μ’
542 1167 653 1225 ὑπὲρ
674 1167 825 1222 τῶνδ’,
850 1174 972 1224 εἰπερ
995 1163 1080 1210 οἷδ’
1104 1163 1216 1223 ὑπὲρ
1235 1163 1412 1221 πατρός,

301 1238 517 1295 θνήσκειν
536 1234 768 1295 ἀμύνοντ’·
801 1233 828 1294 ἦ
848 1240 893 1280 τί
911 1234 1111 1293 φήσομεν
1129 1231 1266 1279 καλὸν

302 1304 417 1365 ὕδρᾳ
437 1306 517 1362 μὲν
538 1307 689 1350 ἐλθεῖν
713 1309 773 1358 εἰς
795 1305 938 1362 μάχην
958 1305 1107 1348 λέοντί
1122 1319 1167 1347 τε

303 1371 578 1429 Εὐρυσθέως
599 1385 812 1429 πομπαῖσι
827 1407 838 1425 ,
864 1377 953 1415 τῶν
973 1369 1014 1415 δ’
1039 1372 1157 1427 ἐμῶν
1177 1370 1346 1414 τέκνων
1411 1377 1482 1413 580

304 1439 387 1486 οὐκ
408 1439 637 1497 ἐκπονήσω
658 1442 878 1491 θάνατονς
902 1436 983 1483 οὐκ
1004 1436 1068 1494 ἆρ’
1086 1435 1303 1494 Ἡρακλῆς

303 1507 326 1553 ὁ
349 1513 598 1561 καλλίνικος
618 1505 676 1561 ὡς
696 1507 886 1565 πάροιθε
908 1509 1096 1563 λέξομαι.

299 1583 446 1622 δίκαια
468 1576 570 1628 τούς
588 1575 795 1628 τεκόντας
817 1574 1009 1632 ὠφελεῖν
1026 1575 1156 1619 τέκνα

304 1648 468 1701 πατέρα
489 1663 532 1688 τε
557 1646 755 1701 πρέσβυν
775 1644 854 1700 τήν
874 1661 917 1688 τε
938 1640 1159 1687 κοινωνὸν
1178 1639 1343 1698 γάμων.

299 1712 407 1768 πρὸς
427 1717 508 1756 σοῦ
527 1713 630 1768 μέν,
657 1706 690 1755 ὦ
709 1722 808 1766 παῖ,
832 1722 921 1764 τοῖς
940 1715 1087 1768 φίλοις
1108 1708 1221 1754 εἶναι
1240 1711 1376 1766 φίλον
1414 1716 1482 1753 585

305 1780 356 1824 τά
376 1778 405 1824 τ’
430 1779 568 1836 ἐχθρὰ
587 1790 752 1836 μισεῖν·
783 1777 893 1824 ἀλλὰ
913 1778 971 1835 μὴ
992 1782 1172 1835 ἐπείγου
1192 1780 1306 1821 λίαν.

300 1853 345 1892 τί
360 1846 400 1891 δ’
425 1849 515 1892 ἐστὶ
535 1852 673 1892 τῶνδε
695 1853 865 1892 θᾶσσον
887 1844 913 1904 ἦ
932 1846 1097 1904 χρεών,
1122 1844 1282 1903 πάτερ;

304 1915 494 1967 πολλοὺς
514 1917 714 1971 πένητας,
737 1913 916 1973 ὀλβίους
935 1915 984 1960 δὲ
1003 1918 1062 1975 τῷ
1083 1912 1200 1973 λόγῳ

304 1988 547 2035 δοκοῦντας
567 1982 679 2028 εἶναι
698 1984 952 2040 συμμάχους
970 1980 1078 2036 ἄναξ
1100 1986 1203 2039 ἔχει,

307 2057 352 2097 οἳ
366 2052 518 2096 στάσιν
539 2057 710 2109 ἔθηκαν
728 2052 802 2095 καὶ
822 2051 1040 2096 διώλεσαν
1062 2049 1193 2095 πόλιν
1416 2055 1484 2092 590

307 2117 371 2175 ἐφ’
395 2117 634 2176 ἁρπαγαῖσι
656 2124 744 2163 τῶν
764 2121 922 2175 πέλας,
941 2117 993 2163 τὰ
1014 2115 1057 2162 δ’
1081 2119 1129 2162 ἐν
1149 2115 1301 2174 δόμοις

309 2186 549 2232 δαπάναισι
569 2192 748 2243 φροῦδα
768 2183 1044 2244 διαφυγόνθ’
1068 2183 1138 2231 ὑπ’
1161 2182 1330 2242 ἀργίας.

311 2252 471 2312 ὤφθης
490 2254 694 2299 ἐσελθών
715 2253 865 2300 πόλιν·
905 2256 1000 2299 ἐπεὶ
1019 2251 1061 2298 δ’
1086 2251 1269 2311 ὤφθης,
1288 2247 1371 2308 ’ἄρα

310 2322 499 2379 ἐχθροὺς
517 2320 732 2378 ἀθροίσας
750 2321 808 2379 μὴ
829 2321 946 2379 παρὰ
965 2320 1147 2379 γνώμην
1166 2321 1313 2378 πέσῃς.

307 2392 425 2448 μέλει
445 2391 526 2448 μὲν
546 2387 679 2435 οὐδὲν
701 2396 744 2435 εἴ
757 2408 809 2446 με
833 2388 936 2436 πᾶσ’
960 2389 1079 2434 εἶδεν
1099 2388 1245 2440 πόλις·
1416 2394 1484 2432 595
