1633 2538
223 169 305 206 348

543 172 815 210 ΗΡΑΚΑΗΣ
837 171 1245 212 ΜΑΙΝΟΜΕΝΟΣ

382 285 607 342 γέροντες,
628 282 767 329 οὐκέτ’
792 288 882 328 ἔστι
902 282 1122 340 δυσσεβὴς
1142 282 1270 342 ἀνήρ.
1494 296 1562 335 760

382 358 484 412 σιγᾷ
503 353 727 410 μέλαθρα·
757 351 866 408 πρὸς
885 350 1045 409 χοροὺς
1064 352 1348 410 τραπώμεθα.

381 425 502 477 φίλοι
527 419 610 478 γὰρ
632 418 898 477 εὐτυχοῦσιν
917 417 996 471 οὓς
1015 418 1101 476 ἐγώ
1122 421 1255 465 θέλω.

380 490 503 546 χοροὶ
522 489 645 545 χοροὶ
667 489 740 533 καὶ
759 492 913 532 θαλίαι
1395 503 1490 548 στρ.

378 558 561 614 μέλουσι
581 556 730 614 Θήβας
752 555 875 613 ἱερὸν
894 553 983 600 κατ’
1005 554 1127 600 ἅστυ.

379 625 646 682 μεταλλαγαὶ
668 623 752 681 γὰρ
774 623 998 680 δακρύων,
1490 634 1559 672 765

378 694 646 751 μεταλλαγαὶ
665 697 904 749 συντυχίας

380 767 397 789 ‘¹
444 769 463 791 *
510 770 529 795 ⁶
579 765 730 805 ἔτεκον
749 759 913 812 ἀοιδάς.

377 827 523 886 βέβακ’
547 827 656 882 ἅναξ
676 826 698 873 ὁ
721 827 887 883 καινός,

376 896 400 942 ὁ
420 898 468 942 δὲ
488 902 748 953 παλαίτερος

378 975 550 1023 κρατεῖ,
572 966 727 1021 λιμένα
748 964 890 1008 λιπών
911 981 959 1020 γε
984 962 1062 1007 τὸν
1076 959 1366 1020 Ἀχερόντιον.
1487 974 1556 1012 770

376 1032 638 1090 δοκημάτων
660 1031 782 1084 ἐκτὸς
805 1025 948 1088 ἦλθεν
967 1033 1100 1084 ἐλπίς.

378 1103 477 1146 θεοὶ
501 1102 599 1145 θεοὶ
619 1104 709 1145 τῶν
729 1098 899 1145 ἀδίκων
1395 1097 1486 1146 ἀντ.

375 1171 559 1226 μέλουσι
578 1170 652 1213 καὶ
674 1173 764 1213 τῶν
783 1167 919 1213 ὁσίων
944 1168 1109 1227 ἐπᾴειν.

374 1235 398 1282 ὁ
419 1236 583 1294 χρυσὸς
603 1235 630 1281 ἆ
651 1234 682 1280 τ’
707 1234 888 1293 εὐτυχία

379 1309 561 1361 φρενῶν
582 1303 772 1362 βροτοὺς
791 1304 1001 1362 ἐξάγεται,
1490 1313 1559 1351 775

376 1374 565 1417 δύνασιν
585 1371 741 1416 ἄδικον
760 1374 973 1429 ἐφέλκων.

374 1440 538 1498 χρόνον
557 1438 642 1497 γὰρ
662 1437 785 1493 οὔτις
805 1444 906 1485 ἔτλα

377 1507 425 1553 τὸ
446 1508 580 1553 πάλιν
602 1511 801 1565 εἰσορᾶν·

376 1577 514 1633 νόμον
534 1578 799 1633 παρέμενος,
826 1574 986 1636 ἀνομίᾳ
1004 1576 1133 1634 χάριν
1156 1573 1311 1629 διδοὺς

376 1650 601 1700 ἔθραυσεν
621 1642 759 1701 ὄλβου
780 1642 987 1689 κελαινὸν
1006 1641 1136 1701 ἅρμα.
1489 1650 1558 1689 'Im

372 1710 524 1768 Ἰσμήν’
548 1706 584 1756 ὦ
602 1712 948 1769 στεφαναφόρει,
1392 1723 1487 1767 στρ.

373 1785 524 1833 ξεσταί
537 1778 587 1824 θ’
611 1780 868 1825 ἑπταπύλου
890 1779 1058 1832 πόλεως

374 1846 693 1904 ἀναχορεύσατ’
716 1845 891 1904 ἀγυιαί,

375 1919 521 1971 Δίρκα
541 1912 590 1959 θ’
614 1911 641 1958 ἆ
661 1917 1019 1972 καλλιρρέεθρος,

373 1983 459 2028 σύν
481 1980 511 2027 τ’
530 1980 798 2035 Ἀσωπιάδες
817 1983 961 2040 κόραι,
1489 1988 1554 2027 785

375 2050 538 2109 πατρὸς
558 2048 682 2108 ὕδωρ
706 2056 812 2107 βᾶτε
832 2054 992 2096 λιποῦ-

372 2135 445 2164 σαι
465 2120 697 2164 συναοιδοὶ

372 2188 545 2245 νύμφαι
564 2185 643 2231 τὸν
655 2184 923 2242 ‘Hpoenzs'ovg

374 2260 632 2300 καλλίνικον
654 2252 784 2312 ἀγῶν’
799 2269 809 2277 ·
834 2248 869 2298 ὦ

628 2333 695 2369 763
707 2350 754 2355 -
768 2332 829 2368 771
855 2348 910 2366 =
930 2331 996 2366 772
1008 2347 1056 2355 —
1070 2328 1138 2367 780

628 2400 835 2440 781-797
855 2413 912 2431 =
931 2399 1142 2437 798-814
