1633 2538
194 162 280 199 330

520 166 792 203 ΗΡΑΚΛΗΣ
817 166 1222 204 ΜΑΙΝΟΜΕΝΟΣ

351 280 458 336 ἐροῦ
478 274 565 321 τίν’
588 274 710 333 ἄνδρ’
733 274 915 335 ἄριστον
934 278 1186 333 ἐγκρίνειαν
1206 274 1262 321 ἄν

349 343 377 402 ἦ
398 343 451 389 οὐ
472 349 609 389 παῖδα
632 343 710 388 τὸν
731 344 852 401 ἐμόν,
876 340 930 389 ὃν
950 343 1006 388 σύ
1027 344 1114 401 φὴς
1135 344 1246 389 εἶναι
1269 348 1432 392 δοκεῖν.

346 418 533 470 Δίρφυν
553 411 595 457 δ’
618 415 796 468 ἐρωτῶν
816 410 844 468 ἦ
863 409 898 457 σ’
920 411 1069 470 ἔθρεψ’
1089 410 1337 471 Ἀβαντίδα,
1468 425 1531 461 185

351 478 433 526 οὐκ
455 478 511 524 ἄν
534 478 576 525 σ’
599 481 894 525 ἐπαινέσειεν·
927 478 982 525 οὐ
1003 480 1086 537 γὰρ
1108 479 1208 525 ἔσθ’
1229 478 1344 527 ὅπου

349 549 514 593 ἐσθλόν
535 567 574 593 τι
596 549 762 604 δράσας
780 546 963 605 μάρτυρ’
987 545 1043 592 ἂν
1063 549 1214 605 λάβοις
1233 549 1417 608 πάτραν.

347 616 393 661 τὸ
415 618 647 674 πάνσοφον
666 614 708 661 δ”
733 614 926 673 εὕρημα,
946 617 1105 674 τοξήρη
1125 616 1280 674 σάγην,

345 686 507 742 με’μφει
521 699 529 707 ·
558 684 708 729 κλύων
726 689 814 728 νῦν
833 681 934 728 τάπ’
958 684 1066 740 ἐμοῦ
1085 684 1226 742 σοφὸς
1243 689 1394 742 γενοῦ.

347 751 460 810 ἀνὴρ
482 750 661 809 ὁπλίτης
681 752 842 804 δοῦλός
861 755 950 797 ἐστι
971 757 1060 797 τῶν
1081 749 1232 798 ὅπλων
1466 763 1532 800 190

346 818 428 863 κάν
453 830 563 864 τοῖσι
589 827 905 876 συνταχθεῖσιν
930 816 1030 865 οὖσι
1054 819 1112 876 μὴ
1138 816 1326 875 ἀγαθοῖς

345 885 479 939 αὐτὸς
498 889 688 943 τέθνηκε
709 890 854 946 δειλίᾳ
874 891 926 945 τῇ
945 891 1035 931 τῶν
1055 889 1200 942 πέλας,

346 954 550 1011 θραύσας
573 972 619 999 τε
640 954 803 1011 λόγχην
824 952 906 998 οὐκ
928 959 1015 1011 ἔχει
1036 960 1095 1014 τῷ
1119 956 1287 1012 σώματι

347 1023 548 1068 θάνατον
568 1021 747 1080 ἀμῦναι,
768 1028 875 1079 μιάν
895 1027 1007 1079 ἔχων
1028 1021 1169 1080 ἀλκὴν
1188 1024 1348 1080 μόνον·

349 1088 443 1136 ὅσοι
466 1090 514 1136 δὲ
534 1090 673 1145 τόξοις
696 1089 799 1147 χεῖρ’
823 1096 1002 1147 ἔχουσιν
1023 1088 1249 1148 εὔστοχον,
1467 1101 1531 1138 195

347 1163 397 1203 ἓν
415 1159 498 1215 μὲν
516 1157 564 1204 τὸ
585 1164 770 1219 λῷστον,
794 1164 983 1216 μυρίους
1005 1158 1180 1212 οἰστοὺς
1201 1157 1331 1217 ἀφεὶς

347 1225 496 1278 ἄλλοις
517 1226 564 1272 τὸ
586 1231 711 1284 σῶμα
731 1228 881 1282 ῥύεται
904 1226 963 1284 μὴ
983 1234 1240 1284 κατθανεῖν,

347 1292 448 1346 ἑκάς
468 1293 510 1339 δ’
535 1293 737 1351 ἀφεστώς
758 1300 996 1352 πολεμίους
1016 1292 1229 1352 ἀμύνεται

343 1368 533 1419 τυφλοῖς
552 1360 749 1420 ὁρῶντας
770 1362 959 1416 οὐτάσας
978 1362 1226 1420 τοξεύμασι,

346 1429 395 1475 τὸ
417 1431 543 1488 σῶμά
567 1428 608 1475 τ’
630 1429 684 1476 οὐ
711 1435 868 1477 δίδωσι
893 1440 983 1484 τοῖς
1002 1433 1236 1487 ἐναντίοις,
1462 1441 1532 1477 ²00

347 1501 395 1543 ἐν
415 1496 682 1559 εὐφυλάκτῳ
702 1497 746 1544 δ’
769 1502 881 1545 ἐστί·
903 1503 1033 1545 τοῦτο
1053 1497 1095 1543 δ’
1119 1501 1168 1544 ἐν
1185 1499 1301 1558 μάχῃ

346 1566 492 1623 σοφὸν
510 1567 720 1625 μάλιστα,
741 1571 918 1625 δρῶντα
938 1572 1176 1624 πολεμίους
1195 1571 1340 1621 κακῶς

346 1636 502 1689 σώζειν
521 1634 568 1681 τὸ
589 1640 735 1692 σῶμα,
756 1635 816 1693 μὴ
828 1639 876 1680 ἐκ
896 1635 1027 1692 τύχης
1047 1633 1365 1693 ώρμισμένους.

343 1703 469 1760 λόγοι
489 1704 572 1760 μὲν
591 1707 685 1748 οἵδε
703 1713 816 1749 τοῖσι
836 1714 930 1756 σοῖς
950 1705 1158 1749 ἐναντίαν

342 1768 541 1827 [γνώμην
559 1775 709 1828 ἔχουσι
727 1779 819 1817 ταῖν
842 1772 1138 1816 καθεστώτων
1154 1774 1279 1826 πέρι1.
1462 1781 1530 1816 205

346 1843 505 1892 παῖδας
525 1840 574 1885 δὲ
598 1838 650 1896 δὴ
671 1844 717 1883 τί
732 1838 886 1884 τούσδ’
909 1837 1165 1884 ἀποκτεῖναι
1185 1841 1357 1893 θε’λεις;

346 1913 389 1950 τί
407 1904 448 1951 σ’
471 1905 558 1952 οἷδ’
583 1911 799 1963 ἒδ“ρασαν;
823 1910 872 1953 ἕν
895 1911 941 1952 τί
954 1905 996 1951 θ’
1023 1905 1214 1964 ἡγοῦμαι
1234 1903 1392 1964 σοφόν,

346 1978 386 2017 εί
404 1978 492 2018 τῶν
512 1973 706 2032 ἀρίστων
729 1972 902 2032 τᾶκγον’
928 1973 1061 2027 αὐτὸς
1081 1971 1145 2019 ὦν
1165 1973 1299 2027 κακὸς

348 2042 564 2095 δέδοικας.
596 2040 707 2086 ἀλλὰ
727 2040 858 2088 τοῦθ’
881 2039 998 2099 ὅμως
1016 2040 1123 2100 ἡμῖν
1141 2042 1272 2100 βαρύ,

345 2112 386 2152 εί
403 2112 571 2162 δειλίας
589 2114 667 2166 σῆς
686 2107 1024 2167 κατθανούμεθ’
1049 2113 1218 2168 εἵνεκα,
1460 2118 1528 2154 210

344 2174 369 2219 ὃ
387 2182 500 2234 χρῆν
519 2175 560 2221 σ’
584 2174 659 2234 ὑφ’
681 2175 807 2234 ἡμῶν
827 2182 916 2222 τῶν
936 2176 1185 2235 ἀμεινόνων
1204 2184 1384 2234 παθεῖν,

347 2247 388 2287 εί
403 2243 516 2296 Ζεὺς
535 2248 709 2297 δικαίας
728 2245 844 2302 εἶχεν
864 2249 925 2297 είς
945 2244 1055 2303 ἡμᾶς
1075 2247 1254 2302 φρένας.

346 2315 387 2355 εἰ
404 2309 448 2356 δ’
471 2306 554 2356 οὖν
574 2317 690 2369 ἔχειν
714 2318 793 2370 γῆς
812 2317 1010 2370 σκῆπτρα
1030 2310 1157 2369 τῆσδ’
1179 2309 1313 2364 αὐτὸς
1330 2311 1513 2366 θέλεις,.

345 2384 477 2423 εἀσον
496 2377 606 2436 ἡμᾶς
625 2378 830 2435 φυγάδας
852 2383 1050 2433 ἐξελθεῖν
1069 2379 1252 2436 χθονός·
