1633 2538
389 193 662 238 ΗΡΑΚΛΗΣ
690 193 1094 231 ΜΑΙΝΟΜΕΝΟΣ
1340 192 1422 229 349

226 311 411 352 Πυθίου
432 310 648 364 δενδρῶτι
668 307 804 363 πέτρα
1347 317 1414 353 790

225 380 428 420 Μουσῶν
447 373 495 419 θ>
513 373 839 420 Ἑλικωνιάδων
861 373 1054 430 δώματα,

226 441 336 501 ἥξετ’
362 442 548 501 εὐγαθεῖ
568 444 739 503 κελάδῳ

228 512 338 568 ἐμὰν
358 511 489 557 πόλιν
510 512 590 569 ἐμοὶ
610 530 654 556 τε
674 516 806 569 τείχη,

227 585 451 636 Σπαρτῶν
471 583 544 624 ἴνα
563 582 690 637 γε’νος
712 580 868 636 ἐφάνη,

229 652 545 705 χαλκασπίδων
565 648 714 705 λόχος,
737 646 783 700 ὃς
803 653 886 705 γᾶν
1347 656 1414 694 795

228 719 397 761 τέκνων
418 718 589 769 τέκνοις
609 721 875 773 μεταμείβει,

228 784 395 842 Θήβαις
416 783 539 842 ἱερὸν
559 789 667 842 φῶς.

228 847 262 897 ὦ
284 855 480 910 λέκτρων
501 853 582 898 δύο
601 863 832 910 συγγενεῖς
1250 849 1344 895 ἀντ.

227 919 378 978 εὐναί,
399 926 704 978 θνατογενοῦς
722 939 768 966 τε
788 923 861 966 καὶ

225 989 360 1046 Διός,
382 986 429 1042 ὃς
445 983 589 1047 ἦλθεν
607 991 650 1042 ἐς
675 987 809 1042 εὐνὰς
833 1015 835 1019 ⁴
1346 995 1416 1032 800

226 1057 426 1115 Νύμφας
444 1063 520 1111 τᾶς
538 1062 809 1115 Περσηίδος·
834 1055 892 1109 ὡς

226 1126 384 1171 πιστόν
404 1145 478 1184 μοι
497 1126 545 1172 τὸ
568 1126 759 1171 παλαιὸν
785 1125 838 1183 ἥ-

226 1199 281 1252 δη
302 1195 445 1252 λέχος,
467 1189 502 1240 ὦ
522 1200 634 1251 Ζεῦ,
656 1195 704 1240 τὸ
726 1193 807 1240 σὸν
829 1191 911 1239 οὐκ

227 1259 290 1308 ἐπ’
315 1266 460 1308 ἐλπίδι
482 1264 652 1321 φάνθη,

225 1331 432 1389 λαμπρὰν
454 1330 495 1376 δ’
520 1329 650 1386 ἔδειξ’
675 1329 698 1376 ὁ
722 1331 879 1389 χρόνος
1347 1338 1416 1375 805

226 1399 308 1445 τὰν
321 1398 558 1458 “Ηρακλεός
582 1398 741 1444 ἀλκάν·

226 1467 274 1521 ὃς
294 1473 373 1526 γᾶς
397 1470 522 1527 ἐξέβα
543 1468 777 1525 θαλάμων,

225 1536 495 1589 Πλούτωνος
519 1541 643 1594 δῶμα
665 1536 809 1582 λιπών
830 1540 1054 1594 νέρτερον.

227 1610 449 1663 κρείσσων
468 1625 542 1664 μοι
561 1605 782 1665 τύραννος
807 1610 918 1662 ἔφυς

226 1671 256 1731 ἦ
276 1672 493 1732 δυσγένει’
518 1672 744 1719 ἀνάκτων·
1350 1681 1419 1716 810

229 1739 256 1787 ἃ
275 1747 362 1787 νῦν
381 1735 544 1801 ἐσορᾶν
567 1747 718 1800 φαίνει

226 1810 492 1868 ξιφηφόρων
511 1813 553 1864 ἐς
573 1809 764 1868 ἀγώνων

227 1877 440 1936 ἅμιλλαν,
464 1878 570 1924 εἰτὸ
592 1882 768 1924 δίκαιον

228 1955 352 2000 θεοῖς
373 1944 425 1992 ἔτ’
449 1946 640 2005 ἀρέσκει.

229 2021 280 2062 ἔα
300 2021 369 2061 ἔα·
1352 2021 1419 2059 815

228 2079 292 2140 ἆρ’
318 2089 379 2137 εἰς
399 2083 478 2129 τὸν
498 2082 639 2129 αὐτὸν
659 2089 846 2129 πίτυλον
862 2080 1029 2141 ἥκομεν
1050 2081 1212 2141 φόβον,

229 2154 450 2211 γέροντες,
472 2149 568 2198 οἷον
588 2150 720 2210 φάσμ’
745 2151 859 2211 ὑπὲρ
882 2151 1034 2209 δόμων
1053 2149 1168 2209 &pah

231 2225 354 2279 φυγῇ
376 2226 499 2279 φυγῇ

227 2290 375 2342 νωθὲς
395 2291 578 2347 πέδαιρε
601 2294 762 2347 κῶλον,
783 2287 988 2336 ἐκποδών
1010 2293 1099 2334 ἔλα.

230 2351 345 2411 ὦναξ
370 2358 534 2415 Παιάν,
1353 2363 1422 2400 820

229 2422 477 2484 ἀπότροπος
497 2428 644 2485 γένοιό
663 2446 738 2485 μοι
759 2425 985 2486 πημάτων.
