1633 2538
180 202 264 239 354

496 205 764 242 ΗΡΑΚΛΗΣ
789 205 1192 246 ΜΑΙΝΟΜΕΝΟΣ

337 322 505 372 φοίνικι
526 316 681 360 κανόνι
701 316 775 359 καὶ
798 315 945 368 τύκοις
964 314 1219 374 ἡρμοσμένα
1439 331 1509 368 945

336 388 532 443 στρεπτῷ
552 383 721 441 σιδήρῳ
740 384 1072 439 συντριαινώσω
1095 382 1242 430 πάλιν.

336 455 383 496 ἐκ
404 454 536 496 τοῦδε
558 455 728 507 βαίνων
747 447 902 506 ἅρματ’
926 449 1009 495 οὐκ
1030 456 1142 508 ἔχων
1162 457 1276 509 ἔχειν

339 525 524 575 ἔφασκε,
546 521 713 573 δίφρου
733 515 777 561 δ’
802 520 1046 574 εἰσέβαινεν
1066 517 1235 577 ἄντυγα

337 585 541 641 κᾶθεινε,
564 586 748 640 κέντρον
767 589 909 642 δῆθεν
929 586 986 638 ὡς
1006 591 1118 643 ἔχων
1136 593 1243 645 χερί.

339 658 523 705 διπλοῦς
548 650 590 696 δ’
614 649 795 704 ὀπαδοῖς
815 647 869 709 ἦν
891 656 1027 710 γέλως
1047 654 1186 711 φόβος
1203 653 1254 700 θ’
1277 652 1401 713 ὁμοῦ.
1442 668 1510 704 950

337 727 414 766 καί
430 740 493 772 τις
512 717 606 764 τόδ’
634 718 778 774 εἶπεν,
799 718 926 773 ἄλλος
946 726 1006 774 είς
1025 720 1161 766 ἄλλον
1180 724 1378 781 δρακών·

338 794 478 843 παίζει
499 785 607 843 πρὸς
627 784 736 842 ἡμᾶς
756 789 966 844 δεσπότης
984 785 1014 845 ἦ
1035 794 1258 845 μαίνεται;

337 855 360 899 ὃ
382 855 423 900 δ’
450 852 565 910 εἷρπ’
589 852 680 898 ἅνω
701 872 746 898 τε
766 856 840 899 καὶ
861 855 975 899 κάτω
995 855 1103 900 κατὰ
1122 858 1289 914 στέγας,

337 925 472 980 μέσον
492 920 535 966 δ’
559 924 600 974 ἐς
622 919 814 978 ἀνδρῶν’
839 922 1054 968 εἰσπεσὼν
1074 929 1221 969 Νίσου
1239 925 1369 971 πόλιν

341 989 466 1047 ἣκειν
486 995 671 1046 ἔφασκε,
693 991 907 1047 δωμάτων
929 998 1032 1036 εἴσω
1051 991 1205 1049 βεβώς.
1443 1002 1511 1040 955

342 1060 511 1110 κλιθεὶς
531 1056 572 1102 δ’
598 1061 639 1110 ές
662 1052 797 1110 οὖδας
817 1057 875 1111 ὡς
896 1064 982 1115 ἔχει
1002 1060 1256 1113 σκευάζεται

344 1131 516 1184 θοίνην.
555 1125 750 1171 διελθών
775 1124 817 1170 δ’
844 1131 904 1179 είς
925 1126 1096 1183 βραχὺν
1115 1126 1277 1183 χρόνον
1294 1131 1443 1184 μονῆς,

335 1191 510 1251 Ἰσθμοῦ
529 1198 717 1245 ναπαίας
737 1198 858 1250 ἔλεγε
878 1199 1167 1251 προσβαίνειν
1185 1193 1364 1246 πλάκας.

342 1260 572 1306 κάνταῦθα
596 1259 767 1318 γυμνὸν
787 1266 910 1318 σῶμα
928 1263 1026 1313 θεὶς
1046 1261 1356 1318 πορπαμάτων,

341 1328 448 1384 πρὸς
467 1326 616 1373 οὐδέν’
640 1326 850 1385 ἡμιλλᾶτο
870 1327 1172 1386 κάκηρύσσετο
1443 1338 1512 1374 960

341 1393 473 1446 αὐτὸς
492 1395 600 1451 πρὸς
619 1394 758 1440 αὑτοῦ
781 1401 1032 1447 καλλίνικος
1050 1394 1234 1447 οὐδενὸς

341 1460 480 1517 ἀκοὴν
500 1460 713 1507 ὑπειπών.
749 1465 874 1507 δεινὰ
895 1461 938 1507 δ’
961 1460 1198 1519 Εὐρυσθεῖ
1211 1462 1389 1519 βρέμων

345 1523 400 1585 ἦν
421 1531 467 1573 έν
487 1529 724 1586 Μυκήναις
744 1535 803 1589 τῷ
823 1530 952 1589 λόγῳ.
991 1529 1133 1587 πατὴρ
1153 1532 1206 1575 δέ
1221 1547 1295 1574 νιν

342 1596 487 1653 θιγὼν
506 1602 714 1653 κραταιᾶς
731 1597 874 1654 χειρὸς
894 1600 1067 1642 ἐννέπει
1089 1596 1212 1642 τάδε·

345 1658 378 1707 ὦ
403 1674 501 1719 παῖ,
526 1669 572 1708 τί
586 1664 787 1720 πάσχεις;
807 1669 872 1715 τίς
892 1661 914 1707 ὁ
935 1664 1095 1719 τρόπος
1114 1663 1336 1717 ξενώσεως
1445 1675 1511 1711 965

342 1729 484 1787 τῆσδ’;
508 1728 564 1775 οὔ
582 1735 628 1775 τί
645 1748 731 1776 που
751 1730 886 1788 φόνος
906 1729 948 1775 σ’
971 1730 1236 1788 ἐβάκχευσεν
1256 1735 1443 1789 νεκρῶν,

340 1796 417 1850 οὕς
438 1796 535 1855 ἄρτι
555 1802 744 1852 καίνεις;
764 1795 789 1843 ὃ
804 1799 856 1843 δέ
871 1817 945 1843 νιν
962 1797 1238 1856 Εὐρυσθέως
1257 1801 1404 1843 δοκῶν

342 1867 506 1921 πατέρα
525 1863 859 1922 προταρβοῦνθ’
884 1866 1048 1910 ἱκέσιον
1066 1866 1229 1917 ψαύειν
1249 1865 1389 1923 χερός,

344 1929 475 1987 ὠθεῖ,
497 1934 722 1989 φαρέτραν
740 1929 783 1976 δ’
808 1929 996 1988 εὐτρεπῆ
1016 1932 1269 1987 σκευάζεται

343 2000 416 2042 καὶ
436 1997 524 2052 τόξ’
548 2000 708 2044 ἑαυτοῦ
727 2004 871 2056 παισί,
892 1998 995 2051 τοὺς
1014 1998 1291 2057 Εὐρυσθέως
1444 2008 1513 2045 970

343 2069 488 2110 δοκῶν
507 2067 732 2123 φονεύειν.
772 2070 815 2111 οἳ
831 2066 880 2112 δὲ
899 2071 1165 2123 ταρβοῦντες
1185 2065 1312 2126 φόβῳ

344 2131 518 2190 ὤρουον
537 2132 666 2185 ἄλλος
687 2131 854 2190 ἅλλοσ’,
875 2138 936 2186 εἰς
956 2135 1149 2186 πέπλους
1169 2128 1195 2176 ὃ
1210 2133 1293 2190 μὲν

344 2200 505 2257 μητρὸς
523 2205 753 2258 ταλαίνης,
774 2200 798 2243 ὃ
818 2198 859 2244 δ’
882 2198 969 2245 ὑπὸ
989 2205 1135 2253 κίονος
1153 2199 1295 2256 σκιάν,

347 2266 475 2320 ἄλλος
493 2269 541 2313 δὲ
562 2267 714 2326 βωμὸν
732 2265 854 2324 ὅρνις
874 2265 931 2319 ῶς
951 2265 1096 2325 ἔπτηξ’
1120 2265 1221 2312 ὕπο.

351 2339 434 2393 βοᾷ
453 2336 501 2380 δὲ
521 2336 682 2393 μήτηρ·
712 2329 747 2378 ὦ
766 2335 929 2389 τεκών,
949 2339 994 2378 τί
1009 2338 1141 2393 δρᾷς;
1163 2334 1294 2379 τέκνα
1447 2341 1514 2378 9⁷⁵

345 2406 551 2455 κτείνεις;
571 2407 655 2461 βοᾷ
673 2402 722 2446 δὲ
741 2403 933 2459 πρέσβυς
952 2405 1134 2446 οἰκετῶν
1152 2398 1191 2446 τ’
1217 2398 1356 2457 ὄχλος.
