1633 2538
88 683 181 723 XO.

409 155 683 191 ΗΡΑΚΛΗΣ
713 153 1117 192 ΜΑΙΝΟΜΕΝΟΣ
1344 152 1427 190 335

241 266 375 326 ἀρετῇ
395 281 444 311 σε
467 271 574 312 νικῶ
595 267 761 325 θνητὸς
781 263 844 311 ὢν
864 266 976 312 θεὸν
994 268 1153 325 μέγαν·

242 340 401 388 παῖδας
423 334 505 393 γὰρ
526 333 580 380 οὐ
600 335 842 392 προύδωκα
865 334 968 388 τοὺς
984 333 1264 394 Ἡρακλέους.

240 403 297 448 σύ
320 402 362 448 δ’
388 408 449 456 εἰς
467 403 549 461 μὲν
570 401 702 456 εὐνὰς
725 403 915 461 κρύφιος
934 401 1103 461 ἠπίστω
1122 408 1288 461 μολεῖν,

244 470 478 530 τάλλότρια
498 473 656 529 λέκτρα
677 471 831 524 δόντος
851 470 1038 524 οὐδενὸς
1056 471 1221 531 λαβών,
1359 482 1426 518 345

240 540 396 595 σώζειν
419 540 468 585 δὲ
492 541 595 592 τοὺς
616 539 722 592 σοὺς
744 537 827 585 οὐκ
850 542 1078 586 ἐπίστασαι
1102 545 1276 598 φίλους.

239 607 415 667 ἀμαθής
435 626 499 660 τις
521 608 561 653 εἶ
577 607 705 665 θεός,
733 612 774 653 εἰ
790 612 960 662 δίκαιος
978 606 1060 654 οὐκ
1081 613 1205 666 ἔφυς.

237 683 413 722 αἴλινον
432 677 514 734 μὲν
534 674 595 722 ἐπ’
620 674 798 733 εὐτυχεῖ
1265 690 1356 734 στρ.

241 749 388 805 μολπᾷ
407 750 572 802 Φοῖβος
593 748 718 802 ἰαχεῖ,

243 812 321 858 τὰν
340 818 678 871 καλλίφθογγον
702 813 898 870 κιθάραν
1358 824 1426 859 350

239 882 442 927 ἐλαύνων
463 882 671 940 πλήκτρῳ
690 883 882 941 χρυσέῳ·

239 949 324 1007 ἐγώ
347 950 396 994 δὲ
416 948 494 994 τὸν
515 954 594 1006 γᾶς
618 951 783 1007 ἐνέρων
804 947 835 993 τ’
859 952 901 1001 ἐς
921 946 1098 1007 ὄρφναν

242 1017 458 1075 μολόντα,
479 1015 603 1062 παῖδ’
629 1024 714 1062 εἴτε
734 1015 844 1071 Διός
865 1035 938 1062 νιν
958 1024 1066 1062 εἴπω

242 1084 314 1131 εἴτ’
333 1083 667 1144 Ἀμφιτρύωνος
687 1085 792 1142 ἶνιν,

239 1152 434 1211 ὑμνῆσαι
457 1155 725 1211 στεφάνωμα
744 1153 826 1210 μό-
1360 1164 1426 1200 355

237 1228 365 1279 χθων
385 1219 439 1266 δι’
463 1220 669 1279 εὐλογίας
692 1223 824 1266 θέλω.

239 1294 460 1348 γενναίων
480 1287 522 1334 δ’
546 1288 698 1348 ἀρεταὶ
717 1290 869 1335 πόνων

240 1368 331 1410 τοῖς
350 1363 574 1404 θανοῦσιν
593 1356 780 1416 ἄγαλμα.

241 1430 418 1485 πρῶτον
437 1426 520 1483 μὲν
537 1424 649 1478 Διὸς
669 1424 799 1478 ἄλσος

239 1491 446 1552 ἠρήμωσε
471 1496 662 1551 λέοντος,
1356 1504 1428 1541 360

240 1566 398 1623 πυρσῷ
419 1560 461 1606 δ’
485 1560 823 1619 ἀμφεκαλύφθη

241 1629 412 1683 ξανθὸν
433 1628 552 1688 κρᾶτ’
576 1632 838 1681 ἐπινωτίσας

239 1701 374 1757 δεινῷ
394 1698 578 1755 χάσματι
598 1697 760 1755 θηρός·

242 1766 322 1811 τάν
344 1763 376 1809 τ’
400 1764 638 1824 ὀρεινόμον
658 1763 828 1824 ἀγρίων
1262 1782 1354 1809 αντ.

239 1834 514 1892 Κενταύρων
534 1834 637 1878 ποτὲ
657 1835 822 1890 γένναν
1356 1841 1427 1880 365

242 1906 461 1959 ἔστρωσεν
480 1901 619 1955 τόξοις
639 1905 828 1957 φονίοις,

239 1971 431 2028 ε’ναίρων
452 1980 632 2021 πτανοῖς
651 1972 839 2026 βέλεσιν.

238 2037 416 2090 ξύνοιδε
435 2036 628 2095 Πηνειὸς
648 2035 670 2082 ὃ
695 2040 951 2087 καλλιδίνας

239 2111 408 2163 μακραί
425 2103 455 2150 τ’
480 2104 669 2164 ἄρουραι
690 2108 860 2151 πεδίων
878 2101 1072 2158 ἄκαρποι

241 2174 315 2217 καὶ
334 2171 558 2230 Πηλιάδες
577 2174 801 2232 θεράπναι
1354 2179 1426 2217 370

242 2240 484 2298 σύγχορτοί
499 2241 549 2286 θ’
566 2240 753 2298 Ὀμόλας
773 2246 908 2286 ἔναυ-

241 2314 332 2366 λοι,
353 2307 588 2354 πεύκαισιν
605 2307 718 2354 ὅθεν
735 2310 865 2367 χέρας

488 2389 556 2424 348
570 2406 623 2413 ·-·
639 2390 709 2426 363
722 2401 778 2418 =
791 2391 861 2426 364
875 2407 928 2412 —
943 2389 1012 2426 379
