1633 2538
113 2210 221 2250 AM.

420 172 693 210 ΗΡΑΚΛΗΣ
719 172 1126 212 ΜΑΙΝΟΜΕΝΟΣ
1364 171 1447 208 339

269 286 328 340 ὡς
350 287 548 341 ἐξέπειθε
569 283 647 329 τὸν
667 284 1020 341 κατασπείραντά
1040 302 1093 342 με
1109 299 1117 307 ·

269 361 330 409 εἰς
351 352 501 407 δεξιὰν
521 352 569 397 δὲ
590 352 674 410 σὴν
695 351 983 411 ἀλεξητήριον
1386 364 1453 398 470

267 424 402 479 ξύλον
423 426 573 466 καθίει
594 421 826 466 Δαιδάλου
840 456 851 478 ,
872 424 1017 478 ψευδῆ
1038 421 1178 467 δόσιν.

268 494 338 539 σοὶ
359 489 400 536 δ’
424 488 482 547 ἣν
502 494 658 549 ἔπερσε
678 501 766 542 τοῖς
787 489 1018 548 ἑκηβόλοις
1037 489 1140 534 ποτὲ

266 561 428 614 τόξοισι
449 558 611 603 δώσειν
634 562 847 615 Οἰχαλίαν
867 556 1093 615 ὑπέσχετο.

268 639 385 687 τρεῖς
406 625 445 672 δ’
475 625 602 679 ὄντας
640 625 754 684 ὑμᾶς
790 627 1044 684 τριπτύχοις
1063 630 1294 684 τυραννίσι

269 697 412 755 πατὴρ
433 695 632 753 ἐπύργου
651 697 762 753 μέγα
783 700 967 753 φρονῶν
989 693 1224 754 εὐανδρία·
1386 704 1454 741 475

269 765 353 824 ἐγὼ
377 765 425 810 δὲ
445 763 625 821 νύμφας
644 761 1038 822 ἠκροθινιαζόμην,

267 836 381 892 κήδη
402 830 668 888 συνάψουσ’,
691 837 737 876 ἔκ
759 830 789 877 τ’
809 831 1062 890 Ἀθηναίων
1080 829 1244 889 χθονὸς

267 903 476 961 Σπάρτης
496 919 541 945 τε
564 905 728 958 Θηβῶν
746 899 812 958 θ’,
837 899 895 953 ῶς
915 899 1156 959 ἀνημμένοι
1177 900 1320 954 κάλῳς

267 974 584 1031 πρυμνησίοισι
606 974 707 1026 βίον
726 967 848 1027 ἔχοιτ’
874 967 1132 1026 εὐδαίμονα.

269 1041 343 1085 καὶ
363 1043 500 1084 ταῦτα
522 1042 723 1097 φροῦδα·
748 1043 1058 1096 μεταβαλοῦσα
1079 1035 1121 1082 δ’
1144 1034 1171 1094 ἡ
1191 1037 1299 1094 τύχη
1388 1047 1457 1083 480

268 1106 448 1165 νύμφας
472 1106 553 1164 μὲν
574 1104 682 1164 ὑμῖν
700 1111 852 1165 Κῆρας
875 1103 1090 1152 ἀντέδωκ’
1121 1110 1251 1163 ἔχειν,

269 1178 364 1233 ἐμοὶ
385 1175 434 1221 δὲ
455 1175 628 1232 δάκρυα
648 1176 837 1233 λουτρά·
859 1176 1078 1233 δύστηνος
1099 1178 1296 1233 φρενῶν.

267 1243 409 1303 πατὴρ
430 1244 478 1289 δὲ
499 1243 663 1301 πατρὸς
683 1245 803 1303 ἑστιᾷ
824 1244 991 1302 γάμους
1012 1241 1103 1299 ὅδε,

263 1311 421 1371 ’Ἅιδην
441 1317 632 1370 νομίζων
653 1313 891 1371 πενθερόν,
913 1316 1047 1370 κῆδος
1068 1311 1243 1368 πικρόν.

267 1381 401 1440 ὤμοι,
422 1379 501 1426 τίν’
526 1378 654 1439 ὑμῶν
673 1386 849 1440 πρῶτον
870 1378 897 1438 ἢ
917 1378 995 1426 τίν’
1019 1377 1210 1424 ὕστατον
1388 1389 1456 1424 485

267 1450 377 1507 πρὸς
396 1451 557 1508 στέρνα
576 1453 746 1507 θῶμαι;
767 1455 828 1510 τῷ
848 1448 1143 1507 προσαρμόσω
1164 1446 1325 1505 στόμα;

267 1525 387 1571 τίνος
408 1519 634 1577 λάβωμαι;
659 1523 750 1571 πῶς
770 1515 826 1563 ἄν
851 1516 909 1570 ὡς
930 1517 1231 1575 ξουθόπτερος

266 1591 449 1645 μέλισσα
470 1585 777 1644 συνενέγκαιμ’
802 1584 857 1632 οἶν
877 1589 924 1632 ἐκ
945 1586 1124 1632 πάντων
1147 1585 1294 1643 γόους,

269 1661 329 1709 εἰς
351 1659 400 1701 ἓν
422 1653 464 1700 δ’
488 1654 718 1713 ἐνεγκοῦσ’
742 1653 918 1712 αθρόον
938 1653 1156 1712 ἀποδοίην
1176 1653 1333 1712 δάκρυ.

269 1745 302 1770 ω
325 1722 510 1783 φίλτατ’,
533 1731 655 1777 εἴτις
676 1724 881 1782 φθόγγος
907 1723 1179 1770 εἰσακούεται
1388 1731 1455 1767 490

268 1798 451 1851 θνητῶν
469 1791 565 1851 παρ’
581 1790 729 1851 Ἅιδῃ,
751 1795 822 1838 σοὶ
841 1791 938 1838 τάδ’
945 1791 1216 1850 ,Ηρακλεις,
1239 1792 1352 1848 λέγω
1367 1806 1376 1814 ·

268 1863 457 1920 θνήσκει
477 1861 620 1919 πατὴρ
643 1860 718 1914 σὸς
738 1863 813 1907 καὶ
831 1860 962 1918 τέκν’,
984 1859 1173 1918 ὄλλυμαι
1196 1859 1239 1904 δ’
1267 1859 1367 1917 ε’γῶ,

267 1929 296 1989 ἢ
315 1932 422 1989 πρὶν
443 1935 637 1988 μακαρία
658 1929 730 1975 διὰ
750 1928 790 1975 σ’
815 1930 1058 1989 ἐκλῃζόμην
1080 1934 1267 1987 βροτοῖς.

266 1998 451 2057 ἄρηξον,
473 1999 578 2043 ἐλθὲ
598 1999 671 2043 καὶ
691 1998 793 2043 σκιὰ
814 1999 994 2056 φάνηθί
1008 2013 1103 2056 μοι·

269 2066 408 2154 ἄλκαρ
430 2067 514 2125 γὰρ
538 2065 688 2112 ἐλθών
709 2066 864 2112 ἱκανὸν
885 2064 941 2112 ἂν
961 2068 1109 2124 γένοιο
1129 2066 1187 2110 σύ
1202 2081 1210 2089 ·
1386 2074 1455 2110 495

268 2137 398 2181 κακοὶ
416 2136 499 2217 γάρ
522 2139 635 2180 εἰσιν
655 2140 699 2180 οἳ
715 2136 846 2181 τέκνα
866 2140 1090 2181 κτείνουσι
1114 2134 1182 2179 σά.

267 2204 324 2250 σὺ
344 2223 425 2262 μεν
446 2203 498 2249 τὰ
519 2206 686 2262 νέρθεν
708 2202 899 2263 εὐτρεπῆ
920 2209 1074 2261 ποιοῦ,
1095 2203 1250 2261 γύναι·

269 2272 355 2331 ε’γῶ
378 2273 427 2318 δε
446 2271 487 2317 σ’
498 2274 563 2328 ,ὦ
584 2277 694 2331 Ζεῦ,
719 2272 823 2332 χεῖρ’
846 2275 889 2326 ἐς
909 2271 1107 2331 οὐρανὸν
1127 2270 1267 2318 δικῶν

271 2340 418 2399 αὐδῶ,
443 2343 665 2387 τέκνοισιν
686 2349 786 2387 εἴτι
805 2340 966 2388 τοισίδ’
991 2340 1183 2401 ὠφελεῖν

269 2412 463 2468 μέλλεις,
486 2407 699 2469 ἀμύνειν,
722 2408 780 2464 ῶς
799 2408 886 2469 τάχ’
913 2410 1050 2457 οὐδὲν
1072 2408 1286 2469 ἀρκέσεις.
1389 2418 1459 2454 500

1173 2476 1252 2517 22*
