1633 2538
164 199 246 236 364

477 198 749 236 ΗΡΑΚΛΗΣ
775 198 865 235 MA
873 197 1183 235 INOMENOZ

322 308 346 367 ἡ
366 314 445 354 τοῦ
466 308 575 361 Διὸς
594 308 881 365 σύλλεκτρος,
905 305 961 359 ὡς
981 305 1207 364 ὀλοίμεθα.

322 379 414 422 ἐπεὶ
437 377 484 422 δὲ
505 375 667 433 σαρκὸς
688 373 935 433 περιβόλαι’
960 375 1207 432 ἐκτησάμην

329 443 525 501 ἡβῶντα,
545 444 742 501 μόχθους
761 441 839 495 οὕς
860 448 989 499 ἔτλην
1009 447 1054 486 τί
1070 446 1141 487 δεῖ
1158 443 1327 500 λέγειν;
1409 453 1499 490 12⁷0

321 517 475 564 ποίους
495 510 592 556 ποτ’
615 509 644 568 ἢ
666 513 843 563 λέοντας
862 508 890 568 ἢ
908 510 1208 568 τρισωμάτους

323 583 363 624 Γ
362 580 552 637 ηρυόιάς
572 576 598 636 ἢ
618 584 834 636 Γίγαντας
857 576 882 636 ἢ
901 582 1164 635 τετρασκελῆ

322 652 693 704 κενταυροπληθῆ
714 645 907 703 πόλεμον
927 644 1010 690 οὐκ
1033 646 1245 702 ἐξήνυσας

326 715 404 772 τήν
428 713 466 759 τ’
490 713 775 773 ἀμφίκρανον
794 716 866 759 καὶ
887 716 1191 770 παλιμβλαστῆ
1212 711 1325 757 κύνα

329 781 469 841 ὕδραν
489 782 732 840 φονεύσας,
752 787 928 839 μυρίων
948 779 986 825 τ’
1011 779 1158 826 ἄλλων
1178 780 1330 825 πόνων
1415 789 1502 827 1275

324 854 514 907 διῆλθον
533 848 692 907 ἀγέλας
714 855 804 902 κείς
823 847 1009 906 νεκροὺς
1029 846 1267 905 ἀφικόμην,

313 915 467 963 ’Ἅιδου
486 916 697 974 πυλωρὸν
721 917 834 962 κύνα
855 910 1094 974 τρίκρανον
1115 920 1176 968 είς
1194 913 1307 972 φάος

323 983 442 1038 ὅπως
461 983 724 1043 πορεύσαιμ’
747 988 942 1037 ἐντολαῖς
961 981 1249 1040 Εὐρυσθέως.

327 1053 371 1098 τὸ
397 1058 602 1098 λοίσθιον
622 1053 670 1098 δὲ
690 1052 811 1098 τόνδ’
836 1058 965 1110 ἔτλην
985 1051 1115 1103 τάλας
1135 1050 1293 1107 φόνον,

324 1121 675 1178 παιδοκτονήσας
701 1124 826 1178 δῶμα
849 1124 1099 1178 θριγκῶσαι
1123 1128 1285 1170 κακοῖς.
1417 1127 1506 1165 1280

329 1186 418 1246 ἥκω
440 1187 483 1234 δ’
507 1187 702 1245 ἀναγκης
723 1193 784 1240 είς
803 1186 913 1233 τόδ’·
947 1184 1044 1232 οὔτ’
1068 1189 1190 1244 ἐμαῖς
1209 1190 1359 1242 φίλαις

325 1257 492 1315 Θήβαις
511 1259 702 1302 ἐνοικεῖν
720 1253 844 1301 ὅσιον
859 1271 867 1279 ·
895 1253 952 1313 ἢν
969 1254 1019 1300 δὲ
1039 1256 1112 1298 καὶ
1130 1254 1263 1311 μένω,

328 1329 386 1377 εἰς
406 1335 534 1369 ποῖον
556 1323 678 1380 ίερὸν
701 1321 726 1381 ἢ
747 1324 1000 1380 πανήγυριν
1021 1327 1168 1378 φίλων

327 1390 431 1449 εἷμ’;
455 1390 509 1437 οὐ
531 1391 616 1450 γὰρ
637 1390 741 1444 ἄτας
761 1389 1123 1449 εὐπροσηγόρους
1143 1394 1239 1446 ἔχω.

325 1458 423 1504 ἀλλ’
442 1458 602 1518 Ἀργος
623 1464 766 1512 ἔλθω;
787 1464 892 1514 πῶς,
913 1458 1006 1503 ἐπεὶ
1027 1457 1181 1514 φεύγω
1200 1454 1392 1514 πάτρανς
1418 1465 1505 1502 128⁶

326 1525 429 1584 φέρ’
451 1525 551 1572 ἀλλ’
579 1529 622 1579 ἐς
641 1525 780 1584 ἄλλην
800 1526 855 1583 δή
878 1523 963 1570 τιν’
986 1522 1164 1582 ὁρμήσω
1184 1522 1334 1568 πόλιν·

327 1593 509 1640 κᾶπειθ’
531 1591 878 1652 ὑποβλεπώμεθ’
903 1590 960 1645 ὥς
980 1593 1271 1649 ἐγνωσμένοι,

326 1662 525 1721 γλώσσης
543 1672 716 1719 πικροῖς
736 1663 955 1718 κέντροισι
975 1656 1374 1718 κλῃδουχούμενοι·

326 1729 407 1787 οὐχ
428 1725 555 1783 οὗτος
574 1727 598 1776 ὁ
617 1730 752 1786 Διός,
778 1726 826 1781 ὃς
846 1726 966 1774 τέκν’
992 1729 1188 1773 ἔκτεινέν
1209 1744 1314 1772 ποτε

327 1798 524 1855 δάμαρτά
545 1795 599 1850 τ’;
619 1795 673 1842 ού
694 1802 771 1854 γῆς
792 1795 915 1854 τῆσδ’
940 1794 1327 1852 ἆποφθαρήσεταις
1417 1803 1508 1840 129⁰

327 1867 581 1925 κεκλημένῳ
601 1865 650 1910 δὲ
671 1866 784 1922 φωτὶ
805 1868 1007 1923 μακαρίῳ
1027 1863 1132 1907 ποτὲ

328 1936 378 1977 αἰ
391 1934 628 1990 μεταβολαὶ
649 1931 872 1990 λυπηρόν·
903 1925 937 1991 ᾦ
959 1928 1000 1975 δ’
1026 1927 1095 1974 ἀεὶ
1115 1933 1260 1982 κακῶς

328 1998 437 2056 ἔστ’,
458 1998 594 2045 οὐδὲν
613 1998 742 2056 ἀλγεῖ
757 2003 985 2055 συγγενῶς
1005 1997 1222 2054 δύστηνος
1241 1994 1317 2041 ὅν.

329 2071 390 2120 είς
410 2072 540 2112 τοῦτο
561 2066 601 2111 δ’
625 2065 746 2124 ἥξειν
764 2070 998 2124 συμφορᾶς
1015 2064 1140 2122 οἶμαί
1155 2081 1261 2110 ποτε
1274 2078 1284 2087 ·

328 2134 487 2192 φωνὴν
506 2133 590 2192 γὰρ
612 2132 707 2191 ἥσει
727 2133 854 2191 χθων
875 2131 1187 2178 ἀπεννέπουσά
1204 2149 1259 2188 με
1413 2140 1506 2177 1295

330 2202 390 2260 μὴ
409 2202 646 2259 θιγγάνειν
665 2206 744 2259 γῆς
763 2203 837 2246 καὶ
857 2201 1060 2246 θάλασσα
1078 2199 1136 2258 μὴ
1157 2203 1299 2257 περᾶν

331 2274 472 2327 πηγαί
490 2288 536 2315 τε
556 2274 784 2326 ποταμῶν,
806 2271 880 2314 καὶ
899 2267 977 2313 τὸν
997 2266 1303 2326 ἁρματήλατον

323 2335 459 2391 Ἰξίον’
482 2339 530 2382 ἐν
549 2341 776 2394 δεσμοῖσιν
798 2334 1100 2394 ἐκμιμήσομαι.

329 2404 438 2459 πρὸς
460 2402 582 2448 ταῦτ’
613 2403 764 2459 ἄριστα
787 2405 924 2459 μηδέν
944 2400 1160 2456 Ἑλλήνων
1182 2395 1232 2456 μ’
1256 2396 1383 2455 ὁρᾶν,
