1633 2538
168 168 252 203 358

178 361 255 400 XO

177 631 281 670 AM.

181 970 270 1008 XO.

177 1106 268 1145 ΗΡ.

482 169 758 207 ΗΡΑΚΛΗΣ
779 168 1183 208 ΜΑΙΝΟΜΕΝΟΣ

329 283 436 341 πρὸς
451 282 644 339 Ἐρινύσι
665 282 714 326 θ’
739 279 844 338 αἷμα
864 282 1088 339 σύγγονον
1107 283 1205 337 ἔξει.

330 352 424 396 τότε
444 358 604 394 θανεῖν
625 348 665 394 σ’
690 352 841 406 ε’χρῆν,
862 347 934 394 ὅτε
954 350 1140 408 δάμαρτι
1159 355 1215 410 σᾷ

329 419 471 475 φόνον
491 416 753 474 ὁμοσπόρων

329 492 504 544 ἔμελλες
524 486 755 542 ἑκπράξειν

334 561 517 611 Ταφίων
538 559 832 611 περίκλυστον
854 552 964 599 ἄστυ
986 556 1160 612 πέρσας.
1416 563 1504 601 1080

333 628 456 682 φυγᾷ
476 627 623 681 φυγᾷ,
645 624 870 679 γέροντες,
896 620 1069 680 ἀποπρὸ
1090 621 1305 678 δωμάτων

330 691 511 736 διώκετε
532 690 720 747 φεύγετε
739 691 911 747 μάργον

328 757 455 815 ἄνδρ’
481 758 831 815 ἐπεγειρόμενον.

330 828 435 883 τάχα
455 826 598 882 φόνον
619 828 781 883 ἑτέρων
802 828 873 871 ἐπὶ
894 825 1020 887 φόνῳ
1039 827 1189 885 βαλὼν

332 893 402 939 ἀν’
427 888 486 938 αὖ
510 894 745 951 βακχεύσει
767 898 1006 951 Καδμείων
1027 895 1169 941 πόλιν.
1422 903 1507 940 10Θὸ

335 957 369 1006 ὦ
389 967 500 1017 Ζεῦ,
526 967 572 1006 τί
587 960 709 1007 παῖδ’
734 960 931 1019 ἤχθηρας
951 957 1030 1007 οἷδ’
1055 960 1310 1019 ὑπερκότως

333 1029 408 1074 τὸν
431 1030 533 1084 σόν,
554 1035 704 1075 κακῶν
724 1030 772 1075 δὲ
792 1032 979 1087 πέλαγος
999 1035 1060 1084 εἰς
1079 1028 1174 1075 τόδ’
1196 1028 1380 1088 ἤγαγεςς

328 1117 375 1143 εα
388 1113 396 1121 ·

334 1172 526 1223 ἔμπνους
543 1169 625 1223 μέν
646 1171 732 1224 εἰμι
752 1169 825 1211 καὶ
849 1165 1023 1223 δέδορχ’
1048 1164 1159 1224 ἅπερ
1178 1184 1231 1224 με
1251 1170 1333 1222 δεῖ,

334 1236 493 1290 αἰθέρα
513 1253 558 1279 τε
579 1236 652 1279 καὶ
671 1239 757 1292 γῆν
775 1235 876 1288 τόξα
896 1233 944 1278 θ’
961 1233 1114 1279 *Ηλίου
1137 1234 1260 1280 τάδε·
1424 1243 1512 1280 1090

336 1301 392 1354 ὡς
413 1300 456 1346 δ’
481 1305 528 1346 ἐν
549 1303 746 1347 κλύδωνι
767 1304 837 1347 καὶ
860 1308 1042 1360 φρενῶν
1062 1303 1303 1360 ταράγματι

334 1373 538 1415 πέπτωκα
559 1375 692 1430 δεινῷ
713 1372 785 1415 καὶ
806 1370 944 1422 πνοὰς
964 1370 1135 1427 θερμὰς
1154 1372 1273 1416 πνέω

334 1437 549 1495 μετάρσι’,
572 1437 626 1483 οὐ
647 1440 828 1496 βέβαια,
853 1439 1118 1497 πνευμόνων
1137 1436 1235 1483 ἄπο.

336 1507 458 1562 ἰδού,
479 1512 524 1551 τί
541 1511 716 1563 δεσμοῖς
735 1511 845 1559 ναῦς
865 1504 984 1559 ὅπως
1005 1504 1276 1564 ὡρμισμένος

338 1579 519 1620 νεανίαν
540 1575 726 1632 θώρακα
746 1576 819 1620 καὶ
837 1579 1064 1632 βραχίονα,
1428 1582 1515 1619 109⁵

337 1643 446 1700 πρὸς
467 1641 759 1703 ἡμιθραύστῳ
780 1647 919 1701 λαΐνῳ
938 1646 1168 1699 τυκίσματι

339 1707 442 1769 ἧμαι
462 1721 659 1768 νεκροῖσι
680 1716 878 1767 γείτονας
898 1710 1069 1762 θάκους
1090 1715 1224 1766 ἔχων;

340 1779 537 1835 πτερωτά
558 1777 597 1823 τ’
621 1783 723 1836 ἔγχη
744 1779 845 1832 τόξα
865 1775 903 1822 τ’
928 1783 1138 1834 ἔσπαρται
1161 1778 1295 1837 πέδῳ,

340 1845 366 1892 ἃ
388 1848 494 1903 πρὶν
514 1845 826 1904 παρασπίζοντ’
851 1848 969 1904 ἐμοῖς
989 1852 1219 1904 βραχίοσιν

341 1921 471 1969 ἔσωζε
492 1914 686 1971 πλευρὰς
705 1917 748 1968 ἐξ
768 1917 876 1972 ἐμοῦ
896 1912 936 1959 τ’
959 1915 1151 1969 ἐσώζετο.
1435 1923 1522 1958 1100

340 1980 394 2028 οὔ
415 2000 504 2027 που
524 1987 750 2039 κατῆλθον
769 1978 905 2035 αὖθις
925 1986 988 2033 εἰς
1012 1981 1167 2026 ”Acoov
1190 1981 1322 2024 πάλιν

342 2049 618 2110 Εὐρυσθέως
639 2054 826 2095 δίαυλον
846 2047 1072 2103 εἰς”Αιδου
1090 2048 1265 2107 μολῶν;

343 2117 440 2164 ἀλλ’
463 2116 560 2163 οὔτι
580 2118 830 2175 Σισύφειον
849 2122 1007 2175 εἰσορῶ
1028 2118 1188 2176 πέτρον

345 2186 590 2232 Πλούτωνά
610 2183 649 2230 τ’
673 2184 780 2231 οὐδὲ
799 2190 999 2243 σκῆπτρα
1018 2185 1253 2242 Δήμητρος
1270 2183 1417 2241 κόρης.

347 2261 394 2299 ἔκ
415 2273 480 2299 τοι
499 2255 770 2310 πέπληγμαι·
806 2257 894 2298 ποῦ
914 2250 1012 2297 ποτ’
1037 2249 1100 2296 ῶν
1122 2251 1383 2309 ἄμνημονῶς
1439 2260 1527 2296 11⁰5

348 2321 433 2379 ὠή,
456 2326 521 2374 τίς
541 2320 674 2378 ἐγγὺς
691 2317 720 2378 ἦ
739 2321 891 2378 πρόσω
912 2326 1059 2377 φίλων
1079 2322 1210 2377 ἐμῶν,

348 2391 591 2445 δύσγνοιαν
611 2386 728 2441 ὅστις
746 2388 826 2445 τὴν
847 2387 956 2444 ἐμὴν
977 2388 1166 2439 loia-stau
