1633 2538
143 361 251 404 AM.

146 498 249 538 ΜΕ.

145 565 252 605 ΑΜ.

146 635 249 674 ME.

145 703 253 744 AM.

146 772 250 811 ME.

148 840 253 880 AM.

152 1663 247 1704 XO.

452 174 729 211 ΗΡΑΚΛΗΣ
755 174 1166 214 MAINOMENOZ
1402 175 1484 211 327

294 287 460 345 χρόνον
480 285 529 330 δὲ
548 284 818 343 μηκύνωμεν
838 283 962 338 ὄντες
982 284 1203 339 ἀσθενεῖς.

299 349 335 400 ῶ
353 354 575 413 θύγατερ,
599 351 721 398 οὗτοι
741 354 897 414 ῥᾴδιον
916 353 968 398 τὰ
987 355 1133 400 τοιάδε

299 422 483 481 φαύλως
503 427 735 481 περαίνειν
753 421 1048 468 σπουδάσαντ’
1074 422 1184 468 ἄνευ
1205 422 1362 468 πόνου.

296 492 439 549 λύπης
458 509 500 536 τι
524 494 727 550 προσδεῖς
750 489 778 547 ἢ
804 497 946 546 φιλεῖς
971 488 1089 533 οὕτω
1115 489 1252 545 φάος;
1446 502 1490 538 90

297 561 370 605 καὶ
390 563 503 621 τῶδε
521 564 660 618 χαίρω
679 561 754 605 καὶ
776 564 894 618 φιλῶ
913 559 990 613 τὰς
1013 563 1207 614 ἐλπίδας.

298 626 442 687 κάγώ·
483 633 636 674 δοκεῖν
657 629 704 673 δὲ
728 626 928 686 τάδόκητ’
956 626 1010 674 οὐ
1031 630 1135 687 χρή,
1161 632 1309 687 γέρον.

301 699 349 742 ἐν
368 706 462 749 ταῖς
482 695 723 755 ἀναβολαῖς
741 702 831 743 τῶν
850 702 1002 742 κακῶν
1023 696 1155 743 ἔνεστ’
1181 696 1278 756 ἅκη.

301 764 324 811 ὁ
346 764 391 811 δ’
419 767 467 811 ἐν
486 767 605 827 μέσῳ
625 784 679 823 με
699 765 868 823 λυπρὸς
888 763 953 811 ῶν
979 766 1132 812 δάκνει
1152 766 1323 825 χρόνος.

297 833 471 892 γένοιτό
490 831 593 890 τᾶν,
616 829 652 878 ῶ
670 835 893 893 θύγατερ,
919 832 1072 892 οὔριος
1092 835 1255 893 δρόμος
1450 844 1494 879 95

302 906 349 948 ἐκ
369 908 460 947 τῶν
479 902 717 960 παρόντων
736 901 872 948 τῶνδ’
896 904 994 961 ἐμοὶ
1013 905 1087 949 καὶ
1108 905 1178 948 σοὶ
1199 907 1366 959 κακῶν,

302 977 429 1017 ἔλθοι
448 969 480 1016 τ’
505 969 558 1016 ἔτ’
582 968 637 1016 ἂν
658 981 760 1025 παῖς
780 969 939 1030 οὑμός,
962 970 1163 1030 εὐνάτωρ
1184 972 1234 1017 δὲ
1253 971 1342 1025 σός.

301 1038 397 1084 ἀλλ’
420 1037 608 1098 ἡσύχαζε
627 1042 700 1085 καὶ
722 1040 1032 1099 δακρυρρόους
1051 1042 1222 1086 τέκνων

303 1108 445 1167 πηγὰς
464 1106 648 1167 ἀφαίρει
672 1110 746 1154 καὶ
768 1109 1041 1168 παρευκήλει
1063 1109 1225 1167 λόγοις,

304 1178 555 1223 κλέπτουσα
574 1177 738 1235 μύθοις
760 1176 949 1232 ἀθλίους
967 1177 1133 1230 κλοπὰς
1156 1175 1287 1235 ὅμως.
1431 1187 1496 1222 100

303 1246 521 1304 κάμνουσι
545 1246 627 1304 γάρ
648 1265 713 1291 τοι
734 1249 808 1292 καὶ
829 1252 1005 1306 βροτῶν
1025 1251 1075 1292 αἱ
1089 1249 1336 1304 συμφοραί,

304 1316 380 1360 καὶ
399 1313 609 1372 πνεύματ’
635 1313 812 1372 ἀνέμων
832 1314 916 1361 οὐκ
938 1313 1006 1360 ἀεὶ
1026 1316 1179 1373 ῥώμην
1200 1319 1287 1371 ἔχει

304 1386 368 1438 [οἵ
381 1380 414 1427 τ’
437 1381 732 1440 ευτυχοῦντες
754 1383 828 1429 διὰ
848 1386 1002 1463 τέλους
1021 1382 1103 1429 οὐκ
1125 1380 1362 1440 εύτυχεῖς]·

758 1449 767 1465 ‚
805 1451 814 1467 ‚
850 1450 861 1467 ‚
897 1451 907 1467 ‚

305 1514 434 1573 οὗτος
455 1518 499 1565 δ’
526 1518 640 1579 ἀνὴρ
663 1518 839 1579 ἄριστος
860 1518 979 1574 όστις
998 1523 1142 1566 ελπίσι
1432 1529 1497 1564 105

305 1590 526 1635 πέποιθεν
547 1587 636 1634 ἆεί
658 1588 706 1634 τὸ
729 1587 771 1634 δ’
796 1588 981 1649 ἀπορεῖν
1003 1587 1167 1648 ἀνδρὸς
1187 1592 1342 1633 κακοῦ.

306 1655 521 1718 ὑψόροφα
540 1658 747 1715 μέλαθρα
1337 1671 1429 1712 στρ.

311 1728 385 1771 καὶ
405 1726 564 1784 γεραιὰ
586 1724 749 1784 δέμνι’,
771 1725 886 1784 ἀμφὶ
906 1725 1115 1785 βάκτροις

309 1800 492 1853 ἔρεισμα
511 1796 724 1852 θέμενος,
747 1795 936 1853 ἐστάλην
955 1795 1150 1852 ἰαλέμων

305 1863 424 1921 γόων
444 1861 596 1915 ἀοιδὸς
619 1861 745 1917 [ὥστε
767 1862 935 1917 πολιὸς]
955 1860 1093 1921 ὅρνις,
1437 1871 1501 1904 110

311 1937 417 1977 ἔπεα
438 1931 580 1989 μόνον
599 1934 674 1976 καὶ
696 1930 868 1988 δόκημα
886 1930 1180 1988 νυκτερωπὸν

309 1999 512 2057 ἐννύχων
532 1997 738 2057 ὀνείρωι

309 2067 502 2127 τρομερὰ
522 2069 618 2125 μέν,
640 2066 736 2112 ἀλλ’
761 2065 879 2148 ὅμως
899 2068 1124 2148 πρόθυμα.

310 2138 344 2181 ῶ
365 2137 493 2182 τέκεα
512 2135 677 2195 πατρὸς
697 2134 892 2193 ἀπάτορ’,
914 2137 947 2180 ῶ

314 2223 464 2263 γεραιε
483 2205 541 2249 σύ
561 2223 608 2249 τε
628 2205 812 2249 τάλαινα
832 2208 918 2261 μᾶ-
1441 2212 1504 2246 115

312 2291 411 2331 τερ,
433 2270 461 2317 ὁὶ
480 2271 559 2318 τὸν
572 2271 696 2318 Ἀίδα
716 2273 869 2331 δόμοις

311 2339 447 2387 πόσιν
466 2338 786 2396 ἀναστενάζεις.

579 2420 646 2455 107
658 2438 707 2444 ·-
720 2421 786 2456 118
804 2430 859 2447 =
879 2419 945 2454 119
957 2418 1084 2455 -129
