1633 2538
411 200 685 238 ΗΡΑΚΛΗΣ
704 197 1112 238 ΜΑΙΝΟΜΕΝΟΣ
1355 194 1436 230 355

249 309 272 357 ὃ
291 311 334 358 δ’
359 315 593 366 ἐξελίσσων
615 315 750 356 παῖδα
773 316 920 362 κίονος
939 309 1089 370 κύκλῳ

248 381 449 439 πόρευμα
470 378 622 425 δεινὸν
640 380 797 435 ποδός,
823 381 1027 423 ἐναντίον
1045 380 1226 434 σταθεὶς

248 449 401 506 βάλλει
421 447 530 506 πρὸς
547 441 689 506 ἧπαρ·
710 446 866 499 ὕπτιος
886 446 935 491 δὲ
955 450 1136 500 λαΐνους

250 515 522 574 ὀρθοστάτας
543 519 727 560 ἔδευσεν
746 516 944 561 ἐκπνέων
963 518 1078 571 βίον.
1361 524 1430 561 980

246 581 271 630 ὃ
294 582 336 629 δ’
360 582 547 641 ἠλάλαξε
566 582 907 641 κάπεκόμπασεν
926 582 1051 627 τάδε·

250 649 311 705 εἷς
334 653 416 709 μὲν
435 651 618 704 νεοσσὸς
638 650 715 697 ὅδε
733 651 890 697 θανὼν
909 648 1186 708 Εὐρυσθέως

249 726 416 779 ἔχθραν
436 720 646 780 πατρῴαν
665 723 851 765 ἐκτίνων
870 721 1073 765 πέπτωκέ
1089 738 1174 777 μοι.

251 787 368 848 ἄλλω
390 788 433 833 δ’
457 791 601 845 ἐπεῖχε
621 787 728 845 τόξ’,
749 786 797 840 ὃς
817 786 931 845 ἀμφὶ
950 793 1124 845 βωμίαν

251 858 404 913 ἔπτηξε
424 854 606 914 κρηπῖδ’
630 854 688 908 ὡς
707 858 948 913 λεληθέναι
968 860 1131 903 δοκῶν.
1365 867 1432 902 985

251 923 418 982 φθάνει
439 924 482 969 δ’
505 922 528 969 ὁ
548 924 724 982 τλήμων
745 924 900 981 γόνασι
922 922 1187 981 προσπεσών
1205 924 1368 983 πατρὸς

251 994 324 1037 καὶ
344 991 454 1049 πρὸς
473 995 650 1050 γένειον
672 1003 796 1051 χεῖρα
816 993 890 1036 καὶ
910 993 1046 1049 δέρην
1065 992 1235 1050 βαλών·

252 1055 287 1104 ὦ
308 1059 501 1117 φίλτατ’,
522 1060 662 1120 αὐδᾷ,
683 1061 743 1118 μή
762 1059 806 1118 μ’
831 1059 1092 1119 ἀποκτείνῃς
1107 1096 1118 1117 ,
1139 1060 1275 1118 πάτερ
1290 1075 1298 1083 ·

250 1127 324 1180 σός
344 1131 432 1185 εἰμι
456 1128 532 1181 σὸς
551 1138 675 1184 παῖς,
701 1126 756 1172 οὐ
777 1128 855 1173 τὸν
873 1127 1150 1186 Εὐρυσθέως
1172 1126 1299 1182 ὀλεῖς.

245 1191 270 1241 ὃ
293 1193 335 1240 δ’
357 1193 588 1254 ἀγριωπὸν
612 1194 729 1253 ὄμμα
747 1196 971 1255 Γοργόνος
991 1199 1210 1254 στρέφων,
1370 1207 1437 1242 990

252 1260 308 1315 ὥς
334 1263 457 1316 ἐντὸς
477 1269 578 1322 ἔστη
598 1274 700 1316 παῖς
720 1269 892 1321 λυγροῦ
913 1264 1188 1321 τοξεύματος,

250 1332 569 1388 μυδροκτύπον
589 1331 744 1390 μίμημ’
769 1329 881 1389 ὑπὲρ
901 1329 1015 1389 κάρα
1035 1331 1186 1390 βαλών

250 1397 385 1452 ξύλον
402 1405 575 1456 καθῆκε
594 1399 752 1452 παιδὸς
772 1405 834 1453 εἰς
853 1400 1023 1454 ξανθὸν
1043 1400 1170 1458 κάρα,

252 1469 407 1525 ἔρρηξε
428 1466 471 1513 δ’
494 1467 613 1513 ὀστᾶ.
636 1468 849 1527 δεύτερον
869 1469 919 1513 δὲ
939 1467 1062 1513 παῖδ’
1086 1468 1214 1524 ἑλών,

249 1544 387 1592 χωρεῖ
402 1540 553 1593 τρίτον
571 1535 684 1594 θῦμ’
709 1534 767 1588 ὡς
787 1536 1043 1592 ἐπισφάξων
1068 1539 1214 1580 δυοῖν.
1370 1544 1438 1579 995

251 1599 362 1646 ἀλλὰ
383 1604 552 1660 φθάνει
571 1623 644 1649 νιν
669 1602 696 1661 ἡ
716 1601 885 1648 τάλαιν’
911 1609 1015 1647 εἴσω
1036 1603 1187 1660 δόμων

250 1669 392 1728 μήτηρ
413 1669 751 1729 ὑπεκλαβοῦσα,
772 1672 847 1715 καὶ
866 1670 991 1729 κλῄει
1011 1669 1167 1723 πύλας.

252 1737 275 1782 ὃ
297 1736 339 1782 δ’
364 1736 422 1791 ὥς
442 1739 512 1785 ἐπ’
536 1738 688 1792 αὐτοῖς
707 1738 762 1795 δὴ
786 1742 1123 1783 Κυκλωπίοισιν
1151 1730 1214 1776 ὦν

251 1804 436 1852 σκάπτει
455 1808 661 1865 μοχλεύει
680 1806 904 1864 θύρετρα,
924 1804 1164 1864 κάκβαλὼν
1183 1803 1360 1862 σταθμὰ

254 1870 456 1931 δάμαρτα
474 1876 549 1920 καὶ
568 1874 692 1921 παῖδ’
718 1876 785 1920 ἑνὶ
804 1876 1108 1932 κατέστρωσεν
1128 1876 1260 1932 βέλει.
1352 1883 1441 1917 1000

253 1938 478 1987 κάνθένδε
499 1942 609 2000 πρὸς
627 1945 835 2001 γέροντος
858 1942 1035 1987 ἱππεύει
1054 1942 1218 2000 φόνον·

256 2006 352 2052 ἀλλ’
376 2003 519 2066 ἦλθεν
540 2010 673 2055 εἰκὼν
697 2008 756 2062 ὦς
775 2008 886 2067 ὁρᾶν
905 2013 1112 2067 ἐφαίνετο

252 2076 432 2129 Παλλάς
452 2076 744 2136 κραδαίνουσ’
769 2082 891 2134 ἔγχος
911 2078 982 2122 ἐπὶ
1002 2078 1129 2137 λόφῳ
1149 2077 1271 2134 κέαρ,

254 2141 444 2201 κᾶρριψε
463 2147 626 2205 πέτρον
644 2146 831 2204 στέρνον
853 2148 914 2197 εἰς
930 2142 1212 2202 ἹΙρακλέους,

255 2209 302 2264 ὅς
322 2231 395 2256 νιν
415 2213 562 2269 φόνου
583 2211 809 2272 μαργῶντ’
833 2214 985 2270 ἐπέσχε
1006 2217 1097 2266 κείς
1116 2210 1264 2258 ὕπνον
1359 2223 1443 2257 [005

256 2284 447 2337 καθῆκε·
481 2286 627 2326 πίτνει
647 2277 689 2326 δ’
715 2286 777 2333 εἰς
796 2282 957 2338 πέδον,
979 2280 1089 2339 πρὸς
1109 2287 1239 2326 κίονα

257 2352 398 2393 νῶτον
417 2350 629 2407 πατάξας,
656 2347 703 2403 ὂς
723 2348 940 2406 πεσήμασι
960 2350 1115 2407 στέγης

255 2416 518 2474 διχορραγὴς
539 2422 678 2463 ἔκειτο
699 2420 933 2476 κρηπίδων
953 2421 1038 2463 ἔπι.
1137 2480 1189 2522 23
