1633 2538
162 203 246 240 340

157 1205 255 1244 ME.

164 1408 257 1446 ME.

162 1477 263 1515 AM.

160 1543 259 1583 ME.

156 1880 247 1920 ΗΡ.

479 202 751 241 ΗΡΑΚΛΗΣ
781 199 1183 239 ΜΑΙΝΟΜΕΝΟΣ

310 321 449 364 καίτοι
469 316 676 371 κέκλησαι
695 310 906 364 πολλάκις
919 326 927 334 ·
954 311 1096 368 μα’την
1114 315 1235 356 πονῶ
1248 325 1257 334 ·

308 393 467 430 θανεῖν
486 383 591 440 γάρ,
622 379 680 434 ὡς
701 378 818 436 ἔοικ’,
841 377 1091 436 ἀναγκαίως
1109 383 1210 436 ἔχει.

305 451 401 499 ἀλλ’
426 445 460 496 ὦ
481 452 703 508 γέροντες,
724 447 858 505 μικρὰ
876 447 958 504 μὲν
978 446 1029 492 τὰ
1052 451 1131 492 τοῦ
1151 451 1254 504 βίου
1269 461 1277 469 ·

308 525 463 565 τοῦτον
482 517 526 563 δ’
551 515 669 570 ὅπως
690 515 846 574 ἥδιστα
866 514 1167 572 διαπεράσετε,

308 591 349 641 ἐξ
370 585 532 644 ἡμέρας
552 591 613 639 εἰς
631 585 770 630 νύκτα
789 583 848 641 μὴ
867 583 1156 640 λυπούμενοι.
1415 595 1483 629 505

309 654 366 706 ὡς
386 658 565 707 ἐλπίδας
584 655 666 710 μὲν
684 651 707 697 ὁ
728 653 885 709 χρόνος
906 649 989 696 οὐκ
1014 654 1239 697 ἐπίσταται

305 724 482 777 σώζειν,
505 721 552 767 τὸ
578 721 620 766 δ’
644 718 783 765 αὑτοῦ
804 719 1058 772 σπουδάσας
1078 722 1294 764 διέπτατο.

307 789 438 848 ὁρᾶτέ
453 789 491 847 μ’
516 782 696 846 ὅσπερῆ
726 793 1012 846 περίβλεπτος
1037 792 1212 845 βροτοῖς

308 857 529 915 ὀνομαστὰ
551 858 782 912 πράσσων,
804 861 883 900 καί
897 854 935 912 μ’
958 854 1167 912 ἀφείλεθ’
1190 853 1216 912 ἡ
1235 854 1342 912 τύχη

307 925 454 981 ὥσπερ
476 924 639 980 πτερὸν
659 925 768 981 πρὸς
789 922 929 979 αἰθέρ’
953 922 1094 983 ἡμέρᾳ
1112 928 1204 982 μιᾷ.
1418 932 1486 967 510

306 993 329 1038 ὁ
350 992 392 1038 δ’
416 992 545 1050 ὄλβος
564 991 586 1037 ὁ
607 996 739 1050 μέγας
759 991 786 1050 ἦ
806 1011 849 1037 τε
871 989 963 1045 δόξ’
985 990 1068 1036 οὐκ
1090 989 1175 1036 οἶδ’
1198 988 1284 1050 ὅτῳ

306 1062 482 1119 βέβαιός
502 1065 604 1106 ἐστι.
638 1058 794 1118 χαίρετ’
813 1075 820 1083 ·
843 1058 985 1116 ἄνδρα
1005 1059 1089 1117 γὰρ
1110 1064 1245 1116 φίλον

305 1130 586 1175 πανύστατον
607 1135 713 1181 νῦν,
737 1127 901 1186 ἥλικες,
924 1129 1176 1185 δεδόρκατε.

309 1203 377 1243 sa·

306 1260 340 1310 ὦ
361 1267 555 1322 πρέσβυ,
577 1266 747 1310 λεύσσω
768 1263 880 1322 τάμὰ
901 1261 1092 1321 φίλτατ’;
1115 1260 1207 1321 ἢτί
1221 1267 1316 1321 φῶς

305 1331 387 1378 οὐκ
408 1332 528 1388 οἶδα,
553 1333 770 1390 θύγατερ·
810 1330 981 1389 ἀφασία
1001 1333 1050 1377 δὲ
1070 1329 1165 1388 κᾶμ’
1189 1336 1288 1389 ἔχει.
1419 1342 1486 1377 515

304 1399 373 1446 ὅδ’
402 1403 521 1446 ἐστὶν
540 1398 592 1446 ὂν
612 1406 690 1458 γῆς
709 1403 874 1457 νέρθεν
896 1400 1205 1458 εἰσηκούομεν;

311 1474 352 1514 εί
368 1470 427 1526 μή
449 1468 482 1526 γ’
506 1467 687 1525 ὄνειρον
706 1472 754 1514 ἐν
773 1469 875 1526 φάει
896 1488 936 1514 τι
956 1469 1213 1526 λεύσσομεν.

308 1543 354 1582 τί
373 1542 506 1594 φημι’;
530 1535 621 1582 ποῖ’
644 1536 796 1594 ὄνειρα
815 1533 1078 1595 κηραίνουσ’
1102 1533 1215 1594 ὁρῶς

309 1603 390 1650 οὐκ
412 1602 511 1650 ἔσθ’
535 1602 603 1649 ὅδ’
628 1602 758 1658 ἄλλος
783 1603 881 1650 ἀντὶ
901 1609 983 1650 σοῦ
1001 1604 1180 1661 παιδός,
1204 1605 1349 1662 γέρον.

308 1671 443 1729 δεῦρ’,
459 1667 494 1717 ὦ
508 1671 636 1729 τέκν’,
653 1674 963 1730 ἐκκρήμνασθε
975 1671 1193 1732 πατρῴων
1205 1674 1400 1728 πέπλων,
1420 1682 1487 1716 520

305 1739 352 1785 ἴτ’
376 1743 608 1797 ἐγκονεῖτε,
629 1740 687 1798 μὴ
708 1739 876 1798 μεθῆτ’,
898 1742 992 1787 ἐπεὶ
1011 1739 1121 1792 Διὸς

307 1813 502 1865 σωτῆρος
521 1806 627 1865 ὑμῖν
647 1807 783 1853 οὐδέν
803 1807 902 1854 ἐσθ’
925 1807 995 1854 ὅδ’
1018 1806 1214 1864 ὕστερος.

303 1870 338 1920 ὦ
357 1886 501 1932 χαῖρε,
526 1879 751 1933 μέλαθρον
770 1877 977 1934 πρόπυλά
995 1874 1045 1922 θ’
1069 1877 1213 1928 ἑστίας
1233 1878 1350 1933 ἐμῆς,

310 1941 368 1996 ὡς
388 1942 574 2000 ἄσμενός
594 1943 634 1988 σ’
659 1947 829 1990 ἐσεῖδον
849 1946 893 1998 ἐς
913 1945 1026 2002 φάος
1045 1943 1208 2001 μολών.

310 2017 379 2056 ἔα·
403 2017 448 2055 τί
463 2017 630 2069 χρῆμα;
651 2011 759 2057 τέκν’
784 2010 873 2068 ὁρῶ
893 2011 979 2070 πρὸ
1001 2011 1217 2069 δωμάτων
1419 2019 1487 2055 525

307 2084 530 2135 στολμοῖσι
550 2085 722 2136 νεκρῶν
741 2084 902 2137 κρᾶτας
921 2081 1220 2136 ἐξεστεμμένα,

309 2144 425 2205 ὄχλῳ
444 2144 476 2190 τ’
500 2150 549 2191 ἐν
569 2145 747 2204 ἀνδρῶν
767 2147 848 2205 τὴν
869 2146 978 2205 ἐμὴν
998 2147 1218 2203 ξυνάορον

308 2215 476 2270 πατέρα
495 2232 541 2258 τε
561 2215 812 2271 δακρύοντα
831 2213 1065 2273 συμφορὰς
1083 2219 1230 2268 tivum

308 2279 402 2338 φέρ’
425 2282 689 2339 ἐκπύθωμαι
709 2286 850 2328 τῶνδε
870 2288 1059 2340 πλησίον
1077 2286 1272 2338 σταθείς,

309 2354 355 2393 τί
370 2349 528 2394 καινὸν
548 2344 661 2406 ἦλθε
693 2354 838 2396 τοῖσδε
873 2351 1072 2408 δώμασιν
1089 2351 1238 2408 χρέος;
1416 2356 1485 2394 530

159 2421 262 2461 ΑΜ.
311 2410 346 2460 ὦ
366 2416 534 2473 φίλτατ’
557 2415 759 2475 ἀνδρῶν,
781 2411 816 2462 ὦ
836 2418 946 2475 φάος
964 2416 1114 2475 μολών
1132 2421 1279 2474 πατρί,
