1633 2538
192 185 274 220 356

193 780 283 820 ΧΟ.

501 190 773 227 ΗΡΑΚΛΗΣ
799 190 1206 230 ΜΑΙΝΟΜΕΝΟΣ

343 301 465 359 ἡμεῖς
488 303 529 346 δ’
556 304 901 361 ἐλευθεροῦντες
924 306 971 347 ἐκ
996 308 1206 361 δρασμῶν
1224 306 1342 351 πόδα
1434 319 1519 354 1010

344 368 430 414 σὺν
449 375 508 431 τῷ
529 372 702 427 γέροντι
723 370 861 428 δεσμὰ
879 376 1089 427 σειραίων
1108 372 1284 429 βρόχων
1433 384 1520 421 1009

343 435 593 494 ἀνήπτομεν
614 438 723 495 πρὸς
741 437 874 496 κίον’,
894 436 953 491 ὡς
971 439 1101 496 λήξας
1122 437 1269 485 ὕπνου

342 506 481 562 μηδὲν
501 506 848 564 προσεργάσαιτο
865 516 956 558 τοῖς
976 508 1273 565 δεδραμένοις.

346 571 467 618 εὕδει
487 572 531 618 δ’
554 571 576 618 ὁ
597 573 774 631 τλήμων
792 572 938 620 ὕπνον
957 571 1040 619 οὐκ
1061 573 1318 633 εὐδαίμονα,

343 646 502 693 παῖδας
522 642 744 698 φονεύσας
765 644 839 687 καὶ
859 640 1060 700 δάμαρτ’.
1080 642 1166 701 ἐγώ
1185 643 1267 700 μὲν
1285 637 1371 690 οὖν

342 708 424 753 οὐκ
445 709 544 754 οῖδα
562 715 745 766 θνητῶν
763 708 882 763 ὅστις
903 707 1186 768 ἀθλιώτερος.
1434 725 1520 759 1015

341 775 364 821 ὁ
385 777 522 833 φόνος
543 771 600 834 ἦν
618 775 671 822 ὃν
686 777 883 835 Ἀργολὶς
902 782 988 834 ἔχει
1015 782 1152 836 πέτρα

348 845 441 889 τότε
463 845 545 902 μὲν
565 846 909 903 περισαμότατος
929 847 1001 890 καὶ
1021 844 1202 899 ἄπιστος

338 913 509 958 Ἐλλάδι
531 918 620 957 τῶν
639 918 826 958 Δαναοῦ
846 917 1038 958 παίδων·

347 981 398 1024 τὰ
420 979 461 1025 δ’
485 978 754 1038 ὑπερέβαλε,
777 983 1030 1038 παρέδραμε
1048 980 1099 1026 τὰ
1119 981 1216 1026 τότε
1234 983 1359 1027 κακά.
1436 992 1522 1028 1020

343 1048 497 1092 τάλανι
518 1053 715 1105 διογενεῖ
730 1049 849 1108 κόρῳ
867 1052 1139 1106 μονοτέκνου
1161 1049 1364 1108 Πρόκνης

341 1114 483 1168 φόνον
511 1120 593 1171 ἔχω
619 1117 734 1168 λέξαι
756 1115 980 1171 θυόμενον
1007 1114 1231 1167 Μούσαις·

342 1180 398 1226 σὺ
419 1184 467 1227 δὲ
490 1185 618 1228 τέκνα
640 1188 820 1240 τρίγονοι
841 1184 1095 1241 τεκόμενος,
1123 1178 1158 1228 ὦ
1178 1183 1288 1242 δάιε,

344 1251 530 1294 λυσσάδι
549 1251 910 1307 συγκατειργάσω
930 1261 951 1285 ⁸
971 1257 1117 1312 μοίρᾳ.

343 1323 440 1361 τίνα
461 1318 708 1376 στεναγμὸν
1433 1331 1521 1366 1025

343 1381 372 1440 ἦ
392 1386 499 1440 γόον
518 1382 546 1441 ἦ
567 1391 744 1442 φθιτῶν

344 1451 465 1510 ᾠδὰν
484 1450 512 1508 ἦ
531 1454 610 1497 τίν’
628 1451 756 1497 ’Ἅιδα
775 1453 909 1511 χορὸν
927 1451 1097 1510 ἆχήσω;

344 1525 432 1575 φεῦ
456 1524 565 1570 φεῦ·

343 1590 495 1631 ίδεσθε
510 1622 521 1643 ,
544 1588 746 1644 διάνδιχα
767 1593 941 1646 κλῇθρα

344 1660 538 1698 κλίνεται
558 1653 796 1707 ὑψιπύλων
816 1656 978 1712 δόμων.
1430 1668 1521 1704 1030

345 1721 397 1764 ίω’
417 1740 489 1777 μοι
503 1737 512 1744 ·

345 1793 496 1833 ἴδεσθε
522 1790 625 1834 τάδε
645 1792 776 1834 τέκνα
795 1789 880 1846 πρὸ
902 1790 1065 1846 πατρὸς

345 1854 482 1899 ἄθλια
502 1862 682 1914 κείμενα
703 1857 941 1913 δυστάνου,

345 1920 553 1976 εὕδοντος
575 1922 721 1968 ὕπνον
740 1923 894 1969 δεινὸν
912 1927 961 1969 ἐκ
979 1927 1154 1968 παίδων
1174 1921 1331 1980 φόνου.

346 1992 446 2045 περὶ
470 1991 518 2035 δὲ
538 1990 676 2048 δεσμὰ
700 1993 774 2036 καὶ
791 1988 1030 2047 πολύβροχ’
1053 1988 1262 2048 ἁμμάτων
1434 2004 1520 2040 1035

343 2057 574 2115 ἐρείσμαθ’
591 2056 851 2116 εΗράκλειον

344 2122 458 2182 ἀμφὶ
477 2127 611 2182 δέμας
630 2126 734 2170 τάδε
754 2130 923 2177 λαΐνοις

344 2189 573 2249 ἀνημμένα
592 2191 738 2250 [ἀμφὶ]
759 2198 904 2238 κίοσιν
924 2197 1071 2237 οἴκων.

343 2252 367 2303 3
388 2257 430 2303 δ’
454 2257 513 2311 ὥς
530 2278 596 2312 τις
613 2258 737 2317 ὅρνις
755 2259 947 2316 ἄπτερον
965 2262 1242 2306 καταστένων

345 2327 485 2371 ὠδῖνα
503 2328 695 2383 τέκνων,
715 2329 909 2385 πρέσβυς
928 2323 1097 2388 ὑστέρῳ
1116 2329 1220 2374 ποδὶ
1430 2339 1520 2374 1040

345 2393 508 2449 πικρὰν
527 2394 705 2439 διώκων
723 2393 884 2451 ἤλυσιν
903 2393 1093 2452 πάρεσθ’
1115 2393 1206 2440 ὅδε.
