1633 2538
416 153 689 190 ΗΡΑΚΛΗΣ
715 153 1120 192 ΜΑΙΝΟΜΕΝΟΣ

111 271 206 311 ΘΗ.
265 264 350 323 ἐγω
373 264 421 309 δὲ
446 265 626 321 πάσχων
647 258 699 308 εὖ
719 263 807 310 τότ’
831 270 1032 325 οἰκτείρω
1052 282 1102 312 σε
1120 272 1220 311 νῦν.

109 339 202 378 ΗΡ.
259 331 432 390 οἰκτρὸς
452 333 535 390 γάρ
557 337 644 389 εἰμι
663 330 762 389 τᾶμ’
786 332 1048 387 ἀποκτείνας
1067 335 1211 380 τέκνα.

111 407 206 446 ΘΗ.
263 405 401 445 κλαίω
422 400 552 459 χάριν
571 399 655 457 σὴν
676 399 747 457 ἐφ’
772 402 962 459 ἑτέραισι
980 413 1243 461 συμφοραῖς.

109 474 201 514 ΗΡ.
255 463 388 527 ηὗρες
407 467 448 513 δ’
473 466 534 513 ἔτ’
557 466 718 521 ἄλλους
739 471 786 513 ἐν
806 481 978 516 κακοῖσι
999 476 1214 529 μείζοσινς

111 543 206 582 ΘΗ.
264 534 391 581 ἅπτει
411 536 618 581 κάτωθεν
638 534 838 594 οὐρανοῦ
858 542 1120 599 δυσπραξίᾳ.

109 611 201 650 ΗΡ.
258 604 411 663 τοιγὰρ
432 603 821 663 παρεσκευάσμεθ’
844 604 956 651 ὥστε
976 615 1232 652 κατθανεῖν.

112 678 208 718 ΘΗ.
268 678 414 725 δοκεῖς
433 671 630 718 ἀπειλῶν
650 678 742 718 σῶν
761 675 912 731 μέλειν
932 694 972 719 τι
995 680 1223 733 δαίμοσιν;

108 747 201 787 ΗΡ.
259 739 458 793 αὔθαδες
480 739 501 786 ὁ
528 741 656 798 θεός,
676 741 788 800 πρὸς
810 743 859 787 δὲ
878 743 981 796 τοὺς
999 743 1138 796 θεοὺς
1158 743 1258 802 ἐγώ.

110 816 206 855 ΘΗ.
264 817 356 866 ἴσχε
376 807 521 866 στόμ’,
543 807 602 863 ῶς
622 808 680 868 μὴ
702 813 813 867 μέγα
833 812 977 868 λέγων
995 817 1142 869 μεῖζον
1161 812 1322 870 πάθῃς.

109 883 202 923 ΗΡ.
260 880 378 936 γέμω
398 882 549 923 κακῶν
571 878 649 936 δή,
670 876 846 923 κούκέτ’
870 878 969 925 ἔσθ’
992 878 1077 939 ὅπῃ
1103 887 1226 940 τεθῇ.

111 952 207 991 ΘΗ.
264 945 442 1005 δράσεις
462 946 512 992 δὲ
532 946 586 1004 δὴ
605 951 671 1001 τίς
693 957 773 991 ποῖ
791 949 918 1005 φέρει
938 949 1248 1006 θυμούμενος;

109 1020 201 1060 ΗΡ.
258 1015 438 1072 θανών,
459 1012 655 1072 ὅθενπερ
677 1009 844 1073 ἦλθον,
868 1016 955 1074 εἶμι
977 1021 1056 1074 γῆς
1077 1014 1178 1062 ὕπο.

110 1089 206 1128 ΘΗ.
258 1091 437 1142 εἴρηκας
457 1083 742 1140 ἐπιτυχόντος
762 1082 1011 1143 ἀνθρώπου
1032 1084 1205 1142 λόγους.

108 1157 199 1197 ΗΡ.
257 1155 313 1200 σύ
342 1154 384 1199 δ’
415 1155 534 1207 ἐκτὸς
560 1155 623 1200 ὤν
647 1173 695 1212 γε
722 1160 952 1214 συμφορᾶς
975 1174 1028 1214 με
1051 1162 1294 1206 νουθετεῖς.

110 1225 206 1265 ΘΗ.
264 1217 286 1264 ὁ
307 1218 447 1264 πολλὰ
468 1218 523 1276 δὴ
542 1217 645 1272 τλὰς
658 1217 874 1276 Ἡρακλῆς
894 1222 1012 1277 λέγει
1031 1220 1156 1272 τάδε;

110 1294 201 1333 ΗΡ.
260 1284 431 1333 οὔκουν
450 1287 641 1332 τοσαῦτά
660 1285 721 1344 γ’,
745 1292 786 1331 εἰ
801 1289 945 1347 μέτρῳ
965 1290 1226 1345 μοχθητέον.

111 1361 206 1401 ΘΗ.
267 1354 502 1413 εὐεργέτης
522 1361 721 1413 βροτοῖσι
741 1356 815 1400 καὶ
834 1357 968 1412 μέγας
989 1361 1140 1412 φίλος;

110 1430 202 1470 ΗΡ.
263 1422 350 1469 οἵδ’
374 1422 511 1469 οὐδὲν
531 1422 763 1480 ὠφελοῦσί
777 1421 842 1480 μ’,
865 1422 962 1468 ἀλλ’
983 1422 1098 1481 ’Ἡρα
1118 1433 1282 1482 κρατεῖ.

112 1498 209 1538 ΘΗ.
269 1490 351 1538 οὐκ
373 1492 429 1537 ἅν
453 1491 495 1537 σ’
523 1491 752 1549 ἀνάσχοιθ’
774 1490 924 1543 Ἑλλάς
949 1490 1120 1551 ἀμαθίᾳ
1143 1499 1313 1537 θανεῖν.

112 1567 202 1606 ΗΡ.
261 1558 399 1606 ἄκουε
420 1560 475 1618 δή
495 1579 603 1617 νυν,
626 1558 683 1613 ῶς
705 1558 937 1617 ἁμιλληθῶ
959 1557 1108 1617 λόγοις

265 1628 375 1687 πρὸς
394 1630 684 1686 νουθετήσεις
704 1628 783 1681 σάς
796 1644 804 1651 ·
832 1626 1067 1683 ἀναπτύξω
1089 1630 1142 1673 δέ
1157 1642 1228 1673 σοι

267 1694 459 1754 ἀβίωτον
479 1695 584 1755 ἡμῖν
604 1702 691 1742 νῦν
710 1714 757 1741 τε
777 1698 851 1741 καὶ
872 1697 1090 1755 πάροιθεν
1111 1694 1176 1741 ὅν.

266 1770 443 1822 πρῶτον
464 1766 546 1822 μὲν
568 1768 616 1810 ἐκ
639 1763 767 1810 τοῦδ’
789 1765 1006 1822 ἐγενόμην
1029 1763 1147 1816 ὅστις
1167 1761 1343 1809 κτανὼν

266 1832 428 1891 μητρὸς
449 1832 630 1890 γεραιὸν
650 1834 816 1889 πατέρα
837 1833 1156 1891 προστρόπαιος
1179 1829 1241 1877 ῶν

266 1906 400 1959 ἔγημε
420 1900 501 1958 τὴν
524 1906 741 1945 τεκοῦσαν
758 1899 1007 1958 Ἀλκμήνην
1028 1902 1114 1958 ἐμέ..

267 1967 374 2015 ὅταν
394 1970 443 2014 δὲ
462 1971 621 2027 κρηπὶς
640 1971 699 2026 μὴ
720 1974 981 2028 καταβληθῇ
1000 1971 1158 2026 γένους

269 2035 441 2094 ὀρθῶς,
462 2035 632 2094 ἀνάγκη
654 2041 892 2094 δυστυχεῖν
911 2035 1014 2089 τοὺς
1033 2037 1258 2094 ἐκγόνους.

269 2105 382 2159 Ζεὺς
402 2109 429 2150 δ
434 2104 444 2120 '
469 2103 588 2157 ὅστις
607 2103 630 2150 ὃ
649 2104 763 2158 Ζεὺς
784 2105 994 2163 πολέμιόν
1013 2103 1060 2162 μ’
1084 2107 1282 2162 ἐγείνατο

258 2172 396 2233 ‘'Hoqc·
426 2172 482 2219 σὺ
502 2175 652 2231 μέντοι
672 2174 812 2232 μηδὲν
833 2172 1084 2231 ἀχθεσθῇς,
1106 2174 1258 2231 γέρον·

271 2243 438 2300 πατέρα
458 2241 541 2299 γὰρ
566 2240 665 2287 ἀντὶ
684 2241 826 2300 Ζηνὸς
847 2240 1041 2299 ἡγοῦμαι
1061 2239 1103 2286 σ’
1127 2240 1225 2298 ἐγώ.

271 2308 331 2355 ἔτ’
356 2312 404 2355 ἐν
424 2310 613 2368 γάλακτί
629 2309 669 2355 τ’
693 2309 789 2356 ὄντι
812 2309 1072 2368 γοργωποὺς
1091 2307 1218 2366 ὄφεις

271 2380 564 2437 ἐπεισέφρηκε
583 2379 880 2437 σπαργάνοισι
901 2389 991 2431 τοῖς
1011 2381 1129 2436 ἐμοῖς

1357 155 1441 192 363

1368 278 1450 311 1237

1365 345 1451 380 1236

1363 550 1449 584 1240

1362 889 1449 925 1245

1363 1231 1450 1265 1250

1362 1571 1450 1605 1255

1365 1910 1453 1946 1260

1367 2250 1453 2286 1265
