1633 2538
407 184 681 221 ΗΡΑΚΛΗΣ
705 182 1111 223 ΜΑΙΝΟΜΕΝΟΣ

246 298 294 343 τὸ
317 303 522 343 λοίσθιον
543 297 591 340 δὲ
621 296 842 354 Ταινάρου
862 295 935 340 διὰ
955 294 1094 351 στόμα

251 364 396 424 βέβηκ’
421 368 465 418 ές
481 363 636 409 ’Ἀιδου
658 364 734 410 τὸν
755 362 1031 421 τρισώματον
1050 362 1166 408 κύνα

248 439 309 487 εις
332 439 427 492 φῶς
447 431 644 487 ἀνάξων
666 437 801 477 ἔνθεν
823 430 903 488 οὐχ
921 429 1019 488 ἥκει
1040 431 1184 476 πάλιν.

248 503 393 560 γέρων
413 502 461 546 δὲ
481 501 536 558 δή
555 519 618 553 τις
639 505 729 545 ἔστι
749 504 988 556 Καδμείων
1008 498 1137 556 λόγος

249 568 306 650 ὡς
326 571 383 627 ἡν
403 569 540 627 πάρος
561 573 732 627 Διρκης
753 586 819 620 τις
844 565 1043 624 εὐνάτωρ
1060 566 1208 619 Λύκος

248 638 330 696 τὴν
350 638 634 695 ἑπτάπυργον
654 637 786 695 τήνδε
806 630 1031 689 δεσπόζων
1056 635 1200 691 πόλιν,

252 705 311 751 τω
333 705 602 751 λευκοπώλω
624 707 730 762 πρὶν
751 707 1024 762 τυραννῆσαι
1048 702 1210 759 χθονὸς

244 772 441 833 Ἀμφίον’
463 772 544 830 ἠδὲ
563 778 716 830 Ζῆθον
737 772 904 829 ἐκγόνω
924 770 1046 822 Διός.

252 837 307 888 οὗ
327 840 491 887 ταύτὸν
511 840 650 899 ὄνομα
670 851 772 892 παῖς
792 837 957 896 πατρὸς
976 840 1258 896 κεκλημένος,

252 915 474 968 Καδμεῖος
494 908 576 954 οὐκ
598 907 675 966 ὤν,
703 906 800 953 ἀλλ’
827 905 894 953 ἀπ’
917 905 1113 965 Εὐβοίας
1136 906 1300 965 μολών,

253 983 417 1024 κτείνει
440 979 640 1036 Κρέοντα
665 979 740 1022 καὶ
759 975 934 1022 κτανών
957 973 1081 1033 ἄρχει
1100 975 1278 1032 χθονός,

255 1047 404 1093 στάσει
422 1051 649 1092 νοσοῦσαν
668 1044 794 1103 τήνδ’
822 1042 1097 1090 ἐπεισπεσὼν
1118 1043 1260 1088 πόλιν.

258 1114 361 1174 ἡμῖν
381 1115 429 1160 δὲ
452 1119 586 1172 κῆδος
606 1119 667 1167 εἰς
686 1110 865 1172 Κρέοντ’
891 1110 1145 1170 ἀνημμένον

259 1184 397 1229 κακὸν
416 1185 637 1241 μέγιστον,
660 1180 718 1235 ὥς
739 1186 868 1238 ἔοικε,
890 1185 1101 1238 γίγνεται.

258 1250 428 1310 τούμοῦ
452 1251 537 1309 γὰρ
560 1249 687 1303 ὄντος
708 1249 866 1302 παιδὸς
886 1252 934 1294 ἐν
953 1258 1108 1306 μυχοῖς
1126 1246 1290 1305 χθονὸς

257 1318 280 1366 ὁ
302 1318 454 1371 καινὸς
484 1315 614 1373 οὗτος
643 1322 775 1376 τῆσδε
794 1323 873 1376 γῆς
893 1315 1042 1374 ἅρχων
1061 1316 1210 1368 Λύκος

261 1388 365 1441 τοὺς
379 1386 668 1445 Ἡρακλείους
687 1391 847 1438 παῖδας
868 1387 1032 1439 ἐξελεῖν
1049 1386 1175 1429 θέλει

259 1455 437 1503 κτανὼν
457 1454 659 1515 δάμαρτά
678 1453 746 1512 θ’,
771 1452 828 1508 ὡς
849 1454 975 1514 φόνῳ
994 1454 1129 1511 σβέσῃ
1150 1451 1307 1511 φόνον,

260 1523 374 1583 κᾶμ’,
396 1531 440 1569 εἴ
454 1544 496 1569 τι
516 1523 571 1582 δὴ
591 1522 674 1583 χρὴ
695 1521 791 1582 κᾶμ’
815 1525 864 1568 έν
883 1519 1101 1580 ἀνδράσιν
1120 1522 1267 1578 λέγειν

261 1591 434 1653 γέροντ’
458 1591 649 1651 ἀχρεῖον,
671 1592 730 1649 μή
749 1588 858 1637 ποθ’
883 1588 968 1636 οἵδ’
992 1588 1269 1648 ἠνδρωμένοι

261 1661 487 1720 μήτρωσιν
508 1661 786 1719 ἐκπράξωσιν
806 1662 986 1717 αἵματος
1007 1661 1152 1715 δίκην.

263 1728 348 1787 ἐγὼ
371 1731 434 1785 δέ,
456 1735 599 1775 λείπει
619 1728 704 1787 γάρ
725 1746 778 1786 με
799 1724 940 1772 τοῖσδ’
963 1728 1012 1772 ἐν
1033 1726 1202 1784 δώμασι

263 1797 432 1855 τροφὸν
451 1799 621 1842 τέκνων
640 1796 866 1854 οἰκουρόν,
887 1792 1020 1853 ἡνίκα
1038 1793 1200 1851 χθονὸς

263 1868 478 1924 μέλαιναν
502 1863 678 1923 ὄρφνην
700 1866 919 1922 εἰσέβαινε
940 1873 1042 1915 παῖς
1062 1862 1175 1920 ἐμός,

263 1934 348 1979 σὺν
367 1939 513 1992 μητρί,
534 1935 667 1979 τέκνα
686 1932 744 1990 μὴ
765 1930 936 1977 &dvc-od
954 1929 1234 1989 Ἡρακλέους,

264 2000 418 2060 βωμὸν
437 2007 606 2057 καθίζω
625 2002 756 2047 τόνδε
775 2005 972 2058 σωτῆρος
991 1999 1115 2056 Διός,

265 2069 318 2115 ὃν
337 2075 599 2116 καλλινίκου
620 2069 752 2128 δορὸς
775 2065 927 2127 ἄγαλμ’
953 2067 1162 2125 ἱδρύσατο

265 2139 448 2192 ,Μινύας
468 2139 688 2196 κρατήσας
707 2136 844 2195 οὑμὸς
866 2135 1052 2194 εὐγενὴς
1076 2136 1216 2188 τόκος.

266 2207 448 2253 πάντων
468 2207 518 2252 δὲ
536 2217 676 2265 χρεῖοι
696 2203 821 2251 τάσδ’
848 2207 980 2264 ἕδρας
1002 2204 1304 2263 φυλάσσομεν,

266 2281 403 2321 σίτων
422 2280 573 2321 ποτῶν
593 2278 793 2333 ἐσθῆτος,
815 2273 1024 2333 ἀστρώτῳ
1044 2275 1164 2331 πέδῳ

267 2343 463 2400 πλευρὰς
483 2346 702 2396 τιθέντες·
725 2346 772 2388 ἐκ
792 2341 876 2400 γὰρ
897 2341 1238 2398 ἐσφραγισμένοι

269 2412 419 2470 δόμων
438 2409 665 2468 καθήμεθ’
690 2410 854 2470 ἀπορίᾳ
874 2414 1103 2467 σωτηρίας.

1341 178 1425 216 325

1385 441 1430 475 25

1388 781 1436 817 30

1394 1123 1440 1158 35

1405 1803 1449 1837 45

1409 2146 1453 2179 50
