1633 2538
120 1045 217 1085 ΘΗ.

440 178 717 215 ΗΡΑΚΛΗΣ
742 179 1151 220 ΜΑΙΝΟΜΕΝΟΣ
1383 185 1466 222 365

277 292 327 336 ἐν
347 287 463 336 οἷσιν
482 289 775 349 εὐτυχοῦντες
794 286 906 350 ἦμεν
925 291 1082 348 ὄλβιοι.
1373 309 1463 344 1300

275 364 322 403 τί
337 359 447 417 δῆτά
465 378 517 417 με
540 364 620 416 ζῆν
641 364 732 415 δεῖς
753 365 799 405 τί
814 362 971 421 κέρδος
991 363 1146 418 ἕξομεν

270 432 420 480 βίοτον
443 425 622 487 άχρεϊον
646 428 827 475 ἀνόσιόν
849 428 888 474 τ’
916 431 1161 487 ἐκτημένοι;

275 495 494 552 χορευέτω
514 494 569 552 δὴ
591 494 734 553 Ζηνὸς
752 493 779 554 ἡ
799 495 953 555 κλεινὴ
973 496 1118 556 δάμαρ

274 561 488 620 κρούουσ’
508 560 735 621 Ὀλύμπου
758 568 858 610 δῖον
879 562 1053 625 ἀρβύλῃ
1073 567 1234 611 πέδον·

276 633 435 688 ἔπραξε
451 630 537 689 γὰρ
559 632 777 690 βούλησιν
795 630 852 691 ἢν
874 633 1082 691 ἐβούλετο
1094 668 1106 691 ,
1371 647 1459 683 1305

274 697 403 757 ἄνδρ’
420 696 627 752 Ἑλλάδος
644 700 722 746 τὸν
742 706 922 760 πρῶτον
940 699 1142 747 αὐτοῖσιν
1160 702 1350 761 βάθροις

271 765 363 812 ἅνω
383 767 500 812 κάτω
521 770 758 826 στρέψασα.
797 770 979 829 τοιαύτῃ
998 775 1093 831 θεῷ

272 841 338 888 τίς
359 832 416 880 ἂν
436 835 748 894 προσεύχοιθ’;
769 835 798 895 ἢ
819 837 1032 896 γυναικὸς
1055 841 1202 882 εἵνεκα

272 905 470 962 λέκτρων
491 910 731 962 φθονοῦσα
750 908 862 964 Ζηνὶ
881 904 986 958 τοὺς
1007 903 1240 964 εὐεργέτας

267 970 471 1025 Ἑλλάδος
492 971 687 1018 άπώλεσ’
711 972 848 1018 οὐδὲν
866 971 998 1027 ὄντας
1018 979 1199 1027 αἰτίους.
1370 987 1460 1022 1310

272 1038 356 1085 οὐκ
375 1044 496 1085 ἔστιν
516 1037 656 1086 άλλου
676 1041 905 1100 δαιμόνων
924 1040 1049 1100 ἀγών
1069 1040 1145 1087 ὅδε

272 1105 301 1166 ἦ
319 1112 395 1166 τῆς
414 1107 524 1162 Διὸς
543 1109 784 1170 δάμαρτος·
822 1104 875 1155 εὖ
895 1108 990 1155 τόδ’
1008 1110 1230 1157 αἰσθάνει.

272 1177 586 1233 παραινέσαιμ’
618 1177 674 1222 ἄν
700 1183 871 1235 μᾶλλον
894 1175 922 1235 ἢ
940 1179 1125 1236 πάσχειν
1145 1184 1303 1232 κακῶς.

272 1243 421 1297 οὐδεὶς
440 1245 489 1290 δὲ
508 1249 693 1302 θνητῶν
711 1255 805 1298 ταῖς
825 1246 976 1303 τύχαις
997 1244 1237 1304 ἀκήρατος,

274 1310 328 1358 οὐ
349 1317 494 1370 θεῶν,
516 1311 684 1358 ἀοιδῶν
704 1320 828 1371 εἴπερ
848 1312 902 1358 οὐ
922 1317 1105 1367 ψευδεῖς
1124 1314 1263 1371 λόγοι.
1371 1326 1459 1362 1315

273 1378 328 1426 οῦ
348 1381 507 1441 λέκτρα
527 1379 566 1426 τ’
590 1380 870 1439 ἀλλήλοισιν,
892 1376 956 1427 c5v
977 1379 1126 1434 οὐδεὶς
1144 1383 1292 1441 νόμος,

269 1453 502 1507 συνῆψαν;
523 1448 578 1494 οὐ
599 1454 798 1507 δεσμοῖσι
820 1449 896 1495 διὰ
914 1453 1184 1507 τυραννίδας

269 1518 459 1574 πατέρας
479 1519 779 1574 ἐκηλίδωσαν,
802 1516 898 1562 ἀλλ’
923 1515 1095 1563 οἰκοῦσ’
1118 1515 1235 1575 ὅμως

257 1582 492 1642 ’Όλυμπον
513 1583 751 1643 ἠνέσχοντό
770 1584 821 1631 θ’
844 1583 1156 1644 ἡμαρτηκότες.

271 1658 416 1698 καίτοι
435 1659 483 1699 τί
497 1654 675 1711 φήσεις,
698 1659 740 1698 εἰ
756 1653 813 1699 σὺ
831 1654 913 1711 μὲν
932 1651 1099 1710 θνητὸς
1118 1652 1260 1710 γεγώς
1371 1665 1460 1702 1320

271 1723 422 1779 φέρεις
442 1719 649 1790 ὑπέρφευ
668 1721 744 1774 τὰς
764 1722 918 1779 τύχας,
939 1722 1041 1766 θεοὶ
1061 1721 1111 1765 δὲ
1128 1722 1188 1778 μή
1200 1741 1212 1774 ;

277 1789 426 1847 Θήβας
444 1790 526 1847 μὲν
547 1790 631 1834 οὐν
651 1794 824 1835 ἔκλειπε
843 1794 924 1834 τοῦ
942 1789 1082 1846 νόμου
1101 1789 1244 1847 χάριν,

271 1859 382 1902 ἕπου
403 1861 429 1902 δ
436 1855 446 1872 ’
471 1855 546 1915 ἅμ’
568 1855 674 1914 ἡμῖν
694 1857 804 1916 πρὸς
824 1858 1017 1915 πόλισμα
1036 1857 1283 1910 Παλλάδος.

272 1927 366 1970 ἐκεῖ
379 1927 509 1983 χέρας
528 1925 606 1978 σὰς
625 1923 808 1982 ἁγνίσας
827 1925 1082 1984 μιάσματος,

274 1993 440 2050 δόμους
459 2011 505 2038 τε
529 1993 658 2038 δώσω
678 1994 914 2051 χρημάτων
933 1992 972 2038 τ’
996 1996 1114 2051 ἐμῶν
1133 1995 1277 2050 μέρος.
1372 2004 1457 2040 1325

273 2057 301 2104 ἃ
321 2059 361 2105 δ’
387 2064 435 2106 ἐκ
456 2066 651 2107 πολιτῶν
669 2061 777 2119 δῶρ’
802 2067 884 2119 ἔχω
907 2062 1051 2114 σώσας
1072 2060 1233 2119 κόρους

274 2129 342 2181 δὶς
361 2129 483 2186 ἑπτά,
504 2134 673 2190 ταῦρον
693 2130 902 2176 Κνώσιον
920 2129 1222 2185 κατακτανών,

273 2197 344 2240 σοὶ
363 2201 502 2242 ταῦτα
521 2197 664 2243 δώσω.
702 2203 929 2257 πανταχοῦ
949 2200 1002 2244 δέ
1019 2217 1093 2256 μοι
1110 2195 1274 2255 χθονὸς

277 2266 435 2321 τεμένη
457 2267 685 2311 δέδασται·
708 2265 833 2312 ταῦτ’
857 2267 1203 2324 ἐπωνομασμένα

277 2332 414 2377 σέθεν
432 2331 480 2377 τὸ
503 2324 663 2378 λοιπὸν
683 2336 730 2379 ἐκ
750 2340 926 2394 βροτῶν
947 2334 1207 2391 κεκλήσεται
1370 2343 1459 2378 ,1330

277 2404 458 2454 ζῶντος·
490 2401 693 2446 θανόντα
711 2400 772 2458 δ’,
801 2397 894 2448 εὖτ’
918 2400 974 2448 ἂν
994 2400 1221 2456 εἰς”Λιδου
1242 2401 1394 2459 μόλῃς,
