1633 2538
418 164 686 202 ΗΡΑΚΛΗΣ
711 162 1118 203 ΜΑΙΝΟΜΕΝΟΣ
1366 159 1448 195 347

247 282 295 325 οἱ
310 279 531 337 δειμάτων
552 280 721 331 ἔξωθεν
741 277 1069 334 ἐκπορεύσομεν

247 347 334 392 σὺν
353 349 485 405 μητρὶ
504 350 677 398 παῖδας.
718 343 837 402 δεῦρ’
862 347 1040 402 ἕπεσθε,
1064 346 1322 404 πρόσπολοι,

250 413 308 468 ὥς
329 412 384 460 ἂν
406 413 571 472 σχολὴν
592 413 852 471 λεύσσωμεν
871 412 1056 470 ἅσμενοι
1076 414 1242 460 πόνων.
1372 427 1437 462 725

94 485 202 528 ΑΜ.
251 482 309 528 σὺ
329 482 371 528 δ’
396 477 480 529 οὖν
501 481 585 539 ἴθ’,
612 488 728 540 ἔρχει
750 480 792 526 δ’
816 478 860 526 οἷ
877 482 1040 539 χρεών’
1078 481 1129 526 τὰ
1151 482 1195 528 δ’
1218 482 1307 529 ἄλλ’
1332 492 1438 537 ἴσως

250 549 370 612 ἄλλῳ
389 552 582 609 μελήσει.
608 549 836 607 προσδόκα
857 551 905 595 δὲ
927 555 1049 608 δρῶν
1068 557 1214 605 κακῶς

247 619 387 664 κακόν
407 639 447 664 τι
467 620 663 676 πράξειν.
704 613 739 662 ὦ
758 621 984 676 γέροντες,
1007 623 1068 672 εἰς
1088 619 1226 665 καλὸν

248 693 433 745 στείχει,
454 688 655 747 βρόχοισι
677 685 719 731 δ’
743 684 927 743 άρκύων
946 688 1179 745 δεδήσεται

246 756 555 815 ξιφηφόροισι,
578 754 682 807 τούς
705 758 837 809 πέλας
858 760 1006 802 δοκῶν
1025 770 1197 802 κτενεῖν
1371 767 1439 804 730

248 822 271 868 ὁ
291 825 601 883 παγκάκιστος.
642 823 728 881 εἶμι
750 823 792 869 δ’
821 822 879 877 ὠς
898 829 980 870 ἴδω
1001 825 1165 882 νεκρὸν

247 893 444 939 πίπτοντ’
461 909 469 917 ·
504 898 592 950 ἔχει
611 891 695 949 γὰρ
716 890 880 950 ἡδονὰς
899 893 1113 950 θνήσκων
1133 892 1246 951 ἀνὴρ

249 961 410 1020 ἐχθρὸς
429 966 567 1006 τίνων
588 979 635 1005 τε
659 965 749 1006 τῶν
770 963 1058 1020 δεδραμένων
1078 966 1223 1019 δίκην.

96 1034 188 1074 ΧΟ.
243 1029 466 1089 μεταβολὰ
489 1034 662 1074 κακῶν·
683 1031 818 1087 μέγας
839 1027 861 1074 ὁ
881 1029 1045 1088 πρόσθ’
1070 1028 1179 1084 ἅναξ
1232 1043 1325 1087 στρ.
1373 1040 1438 1077 735

246 1099 381 1144 πάλιν
401 1097 674 1157 ὑποστρέφει
693 1103 846 1156 βίοτον
867 1096 1112 1151 εἰςΪΑιδαν.

248 1165 300 1212 ἰὼ
324 1170 427 1211 δίκα
447 1168 521 1211 καὶ
543 1172 667 1212 θεῶν
685 1172 931 1225 παλίρρους
950 1166 1125 1225 πότμος.

248 1228 387 1292 ἦλθες
405 1234 551 1294 χρόνῳ
571 1236 652 1292 μὲν
673 1229 728 1279 οὗ
746 1239 878 1292 δίκην
898 1235 1055 1288 δώσεις
1074 1234 1248 1290 θανών,
1373 1244 1441 1281 740

246 1300 401 1361 ὕβρεις
425 1300 621 1361 ὑβρίζων
642 1307 704 1355 εἰς
725 1301 962 1360 ἀμείνονας
981 1305 1130 1348 σέθεν,

245 1373 462 1430 χαρμοναὶ
485 1371 698 1430 δακρύων
718 1375 880 1417 ἔδοσαν
906 1371 1112 1430 ἐκβολάς·

249 1440 384 1486 πάλιν
405 1445 563 1498 ἔμολεν
583 1438 611 1484 ὁὶ
630 1440 770 1499 πάρος
790 1438 953 1485 οὔποτε
974 1439 1048 1485 διὰ
1070 1440 1235 1498 φρενὸς
1373 1446 1439 1484 745

247 1506 436 1564 ἤλπισεν
456 1515 624 1552 παθεῖν
643 1512 724 1565 γᾶς
745 1506 866 1560 ἅναξ.

248 1573 338 1620 ἀλλ’
363 1570 399 1620 ὦ
418 1578 582 1634 γεραιέ,
603 1577 677 1620 καὶ
697 1574 748 1620 τὰ
770 1576 987 1633 δωμάτων
1009 1580 1094 1621 ἔσω

248 1649 508 1703 σκοπῶμεν,
531 1650 573 1690 εί
589 1645 776 1703 πράσσει
796 1663 861 1697 τις
882 1641 940 1697 ὦς
959 1643 1044 1702 ἐγώ
1067 1645 1200 1689 θέλω.

93 1717 226 1758 ΛΤΚ.
250 1713 301 1758 ι’ω’
320 1718 400 1771 μοί
418 1732 506 1771 μοι.

96 1786 190 1826 ΧΟ.
246 1781 348 1827 τόδε
368 1782 630 1840 κατάρχεται
649 1784 780 1840 μέλος
799 1784 895 1839 ἐμοὶ
915 1781 1072 1826 κλύειν
1206 1778 1300 1825 ἀντ.
1371 1790 1440 1826 750

248 1854 403 1907 φίλιον
423 1853 471 1896 ἐν
491 1850 663 1908 δόμοις·
685 1850 882 1902 θάνατος
901 1848 956 1895 οὐ
977 1850 1141 1907 πόρσω.

254 1924 338 1978 βοᾷ
360 1918 504 1976 φόνου
528 1924 742 1977 φροίμιον
762 1919 982 1973 στενάζων
1001 1916 1122 1972 ἅναξ.

100 1990 229 2032 AYK.
256 1980 292 2031 a}
312 1991 430 2032 πᾶσα
450 1988 637 2045 Κάδμου
657 1985 766 2044 γαῖ’,
787 1985 1038 2044 ἀπόλλυμαι
1057 1986 1188 2047 δόλῳ.

94 2058 190 2100 XO.
246 2056 321 2100 καὶ
341 2054 425 2113 γὰρ
450 2055 662 2108 διώλλυς·
686 2053 920 2101 ἀντίποινα
941 2053 982 2100 δ’
1005 2058 1193 2101 ἐκτίνων
1372 2062 1439 2099 755

254 2123 412 2182 τόλμα,
433 2122 589 2176 διδούς
609 2142 658 2180 γε
678 2128 767 2168 τῶν
787 2125 1075 2182 δεδραμένων
1111 2127 1257 2180 δίκην.

251 2197 317 2244 τίς
339 2190 361 2238 ὁ
381 2192 518 2246 θεοὺς
537 2190 700 2252 ἀνομίᾳ
718 2196 938 2251 χραίνων,
958 2191 1124 2250 θνητὸς
1145 2190 1224 2248 ὤν,

253 2258 431 2319 ἄφρονα
450 2262 585 2320 λόγον
605 2258 834 2319 οὐρανίων
853 2261 1066 2318 μακάρων
1085 2256 1304 2317 κατέβαλ’,

255 2325 314 2382 (ὃς
333 2327 397 2388 ἄρ’
421 2328 475 2375 οὐ
497 2331 743 2375 σθένουσιν
761 2334 867 2374 θεοί
874 2349 886 2383 3

518 2407 584 2444 735
599 2425 647 2432 -
660 2407 728 2444 748
745 2418 800 2436 =
820 2407 887 2443 750
901 2425 949 2430 -
962 2407 1025 2443 761
