1633 2538
589 554 1121 599 ΕΥΡΙΠΙΔΟΥ

186 983 289 1022 ΑΜ.
342 981 414 1028 Τίς
440 975 513 1020 τὸν
535 974 642 1028 Διὸς
662 978 932 1033 σύλλεκτρον
951 975 1032 1022 οὐκ
1053 976 1174 1022 οἷὸεν
1197 979 1384 1033 βροτῶν,

333 1042 528 1101 Ἀργετον
549 1040 861 1101 Ἀμφιτρύων’,
887 1044 939 1089 ὃν
960 1044 1157 1095 Ἀλκαῖός
1183 1060 1285 1088 ποτε

338 1108 479 1167 ἔτιχθ’
502 1108 524 1155 ὁ
545 1114 769 1169 Περσέως,
791 1113 953 1170 πατέρα
974 1109 1094 1157 τόνδ’
1110 1109 1399 1166 ἹΙρακλεόυςς

339 1177 386 1231 ὂς
405 1179 536 1223 τάσδε
558 1180 704 1236 Θήβας
724 1185 863 1238 ἔσχεν,
889 1178 988 1225 ἔνθ’
1012 1177 1035 1224 ὁ
1055 1177 1244 1237 γηγενὴς

337 1252 545 1303 σπαρτῶν
567 1248 726 1304 στάχυς
747 1254 970 1305 ἔβλαστεν,
994 1241 1056 1292 ὦν
1078 1249 1236 1303 γένους
1251 1243 1387 1302 Ἀρης

339 1313 468 1358 ἔσωσ’
492 1313 688 1371 ἀριθμὸν
707 1314 872 1372 ὀλίγον,
893 1322 937 1360 οἳ
958 1315 1142 1371 Κάδμου
1164 1312 1295 1358 πόλιν

340 1387 541 1425 τεκνοῦσι
568 1387 741 1427 παίδων
762 1388 928 1427 παισίν.
972 1388 1107 1426 ἔνθεν
1126 1382 1260 1437 ἐξέφυ

340 1450 496 1505 Κρέων
515 1452 774 1502 Μενοικέως
795 1460 910 1505 παῖς,
932 1448 1039 1502 ἄναξ
1059 1451 1191 1505 τῆσδε
1210 1445 1387 1504 χθονός.

342 1518 497 1571 Κρέων
518 1517 565 1561 ὁὲ
584 1518 798 1575 Μεγάρας
817 1521 947 1574 τῆσδε
973 1522 1169 1574 γίγνεται
1191 1513 1347 1571 πατήρ,

344 1581 398 1638 ἣν
422 1584 581 1636 πάντες
601 1583 848 1641 ὑμεναίοισι
869 1588 1089 1641 Καδμεῖοί
1104 1600 1208 1628 ποτε

342 1655 464 1709 λωτῷ
488 1652 809 1708 συνηλάλαξαν,
830 1649 941 1708 ἡνίκ’
966 1655 1026 1703 εἰς
1045 1648 1177 1708 ε’μούς

342 1718 505 1774 δόμους
525 1717 548 1763 ὁ
569 1719 740 1772 κλεινὸς
759 1717 975 1776 Ἡρακλῆς
994 1737 1067 1763 νιν
1085 1715 1228 1774 ἤγετο.

342 1785 483 1829 λιπὼν
503 1787 551 1830 δὲ
572 1787 740 1843 Θήβας,
766 1781 821 1831 οὖ
843 1791 1128 1845 κατῳκίσθην
1147 1782 1246 1840 ἐγω,

344 1853 561 1910 Μεγάραν
579 1871 624 1897 τε
645 1854 776 1909 τήνδε
797 1849 1047 1910 πενθερους
1069 1870 1114 1896 τε
1133 1860 1234 1902 παῖς
1253 1845 1354 1906 ἐμὸς

340 1918 511 1977 Ἀργεῖα
531 1925 650 1977 τείχη
671 1922 744 1964 καὶ
764 1925 1036 1965 Κυκλωπίαν
1055 1919 1186 1964 πόλιν

344 1986 521 2044 ωρέξατ’
539 1992 692 2043 οἰκεῖν,
717 1985 774 2045 ἢν
792 1987 878 2045 ἐγω
900 1987 1052 2045 φεύγω
1073 1984 1248 2031 κτανὼν

339 2052 665 2111 Ἠλεκτρύωνα·
688 2055 919 2113 συμφορὰς
939 2055 987 2099 δὲ
1006 2053 1081 2106 τὰς
1102 2052 1205 2110 ἐμὰς

345 2124 638 2179 ἐξευμαρίζων
656 2123 730 2165 καὶ
749 2122 920 2178 πάτραν
941 2125 1082 2166 οἰκεῖν
1102 2122 1265 2175 θέλων,

343 2190 543 2234 καθόδου
568 2192 725 2233 δίδωσι
743 2188 908 2246 μισθὸν
927 2187 1163 2245 Εὐρυσθεῖ
1177 2188 1330 2245 μέγαν,

344 2259 609 2313 ἐξημερῶσαι
630 2267 774 2314 γαῖαν,
796 2254 886 2301 εἴθ’
903 2253 1041 2314 ’Ἡρας
1059 2253 1147 2301 ὕπο

345 2326 540 2380 κέντροις
560 2327 802 2382 δαμασθεὶς
824 2331 909 2368 εἴτε
928 2328 1007 2368 τοῦ
1025 2322 1168 2381 χρεών
1186 2322 1306 2380 μέτα.

346 2392 418 2435 καὶ
438 2392 541 2444 τοὺς
559 2393 640 2448 μὲν
664 2391 822 2443 ἄλλους
843 2388 1136 2447 ἐξεμόχθησεν
1156 2388 1337 2444 πόνους,

200 675 708 730 ΗΡΑΚΛΗΣ
761 674 1493 732 ΜΑΙΝΟΜΕΝΟΣ.

1473 1588 1516 1624 10

1475 1924 1518 1960 15
