1633 2538
153 164 237 201 326

158 626 262 666 ΜΕ.

479 163 753 201 ΗΡΑΚΛΗΣ
777 163 1183 202 ΜΛΙΝΟΜΕΝΟΣ

306 284 453 336 φίλων
473 279 521 322 δὲ
540 277 643 329 τοὺς
662 280 744 333 μὲν
766 273 820 321 ού
841 287 999 334 σαφεῖς
1022 274 1112 334 ὁρῶ
1135 282 1311 335 φίλους,

307 351 353 392 οί
369 345 413 392 δ’
437 345 562 398 ὄντες
580 343 729 402 ὀρθῶς
749 342 963 390 ἀδύνατοι
983 351 1306 403 προσωφελεῖν.

308 420 514 460 τοιοῦτον
533 411 842 471 ἀνθρώποισιν
861 411 887 470 ἡ
908 416 1170 470 δυσπραξία,

310 474 361 540 ἧς
386 480 555 540 μήποθ’
578 479 695 533 ὅστις
714 482 788 526 καὶ
806 483 948 538 μέσως
969 479 1129 534 εὔνους
1149 483 1245 539 ἐμοὶ

311 553 448 608 τύχοι,
470 555 615 607 φίλων
635 555 816 607 ἔλεγχον
835 547 1179 602 ἀψευδέστατον.

313 640 345 665 ω
367 621 553 676 πρέσβυ,
581 623 765 674 Ταφίων
788 615 835 670 ὅς
855 616 944 662 ποτ’
967 621 1126 671 ἐξεῖλες
1145 619 1278 663 πόλιν

312 687 665 745 στρατηλατήσας
686 686 839 731 κλεινὰ
858 690 1097 744 Καδμείων
1115 686 1261 743 δορός,

314 755 372 809 ὡς
392 754 528 801 ούδεν
547 753 827 812 ἀνθρώποισι
846 759 935 799 τῶν
955 759 1097 800 θείων
1121 756 1271 812 σαφές.

314 824 398 882 ἐγὼ
419 823 504 881 γὰρ
525 821 614 868 οὔτ’
638 829 699 876 είς
718 821 863 880 πατεΗρ
885 821 1125 880 ἀπηλάθην
1148 822 1296 881 τύχης,

313 891 359 945 ὃς
388 891 518 938 εἵνεκ’
549 890 688 948 ὄλβου
706 894 843 949 μέγας
864 892 1125 948 ἐκομπάσθη
1145 894 1265 948 ποτέ,

319 967 430 1018 ἔχων
449 958 702 1017 τυραννίδ’,
724 954 774 1017 ἧς
793 961 956 1017 μακραὶ
978 960 1130 1016 λόγχαι
1151 961 1252 1017 πέρι

315 1027 485 1087 πηδώσ’
509 1034 638 1085 ἔρωτι
659 1026 818 1084 σώματ’
843 1032 903 1080 είς
925 1025 1183 1085 εὐδαίμονα,

315 1102 428 1155 ἔχων
447 1098 495 1142 δὲ
515 1098 665 1142 τέκνα·
689 1094 784 1153 κᾶμ’
808 1100 947 1141 ἔδωκε
968 1098 1093 1141 παιδὶ
1114 1101 1175 1156 σῷ

315 1169 529 1223 ἐπίσημον
550 1163 689 1221 εὐνὴν
705 1163 915 1222 Ἡρακλεῖ
931 1169 1200 1218 συνοικίσας.

316 1236 387 1279 καὶ
411 1238 497 1279 νύν
518 1236 665 1278 ἐκεῖνα
685 1234 767 1290 μὲν
786 1231 965 1278 θανόντ’
989 1231 1229 1278 ἀνέπτατο·

317 1301 402 1360 ἐγώ
423 1303 470 1347 δὲ
494 1304 568 1347 καὶ
587 1301 645 1346 σὺ
669 1303 886 1359 μέλλομεν
904 1301 1136 1358 θνήσκειν,
1161 1302 1308 1358 γέρον,

319 1375 364 1416 οἴ
380 1369 427 1415 θ’
448 1368 699 1428 Ἡράκλειοι
719 1373 886 1425 παῖδες,
907 1366 987 1422 οὒς
1007 1367 1096 1414 ὑπὸ
1116 1377 1293 1426 πτεροῖς

319 1439 441 1493 σώζω
461 1437 675 1491 νεοσσοὺς
693 1437 818 1495 ὄρνις
837 1435 896 1490 (ὃς
916 1434 1203 1495 ύφειμένους.

317 1513 359 1552 οἳ
382 1506 425 1551 δ’
451 1511 511 1560 είς
533 1512 714 1564 ἔλεγχον
733 1505 863 1558 ἄλλος
883 1504 1079 1550 ἄλλοθεν
1099 1511 1283 1562 πίτνων,

320 1569 354 1620 ὦ
374 1580 525 1633 μῆτερ,
548 1573 680 1634 αὐδᾷ,
701 1585 779 1620 ποῖ
799 1573 941 1631 πατὴρ
961 1571 1115 1619 ἄπεστι
1134 1577 1238 1631 γῆς;

320 1649 365 1688 τί
381 1647 488 1702 δρᾷ,
512 1641 622 1689 πόθ’
643 1640 761 1700 ἥξεις
782 1648 842 1703 τῷ
864 1644 951 1702 νέῳ
971 1640 1014 1687 δ’
1037 1643 1305 1699 ἐσφαλμένοι

322 1716 499 1768 ζητοῦσι
518 1711 595 1756 τὸν
620 1709 783 1757 τεκόντ’
799 1726 807 1734 ·
829 1710 915 1768 ἐγὼ
936 1710 984 1755 δὲ
1005 1712 1205 1767 διαφέρω

327 1780 501 1836 λόγοισι
513 1780 792 1836 μυθεύουσα.
834 1779 1077 1835 θαυμάζων
1096 1776 1140 1823 δ’
1162 1775 1270 1823 ὅταν

324 1847 460 1892 πύλαι
479 1852 673 1905 ψοφῶσι,
695 1852 778 1901 πᾶς
796 1845 1027 1904 ἀνίστησιν
1049 1846 1179 1903 πόδα,

327 1913 385 1967 ὡς
404 1915 514 1973 πρὸς
535 1921 743 1975 πατρῷον
762 1915 1141 1972 προσπεσούμενοι
1161 1913 1286 1971 γόνυ.

328 1987 415 2027 νῦν
434 1977 517 2028 οὖν
537 1982 615 2028 τίν’
639 1982 782 2029 ἐλπίδ’
805 1981 833 2040 ἦ
855 1983 995 2039 πόρον
1014 1987 1232 2040 σωτηρίας

328 2053 612 2109 ε’ξευμαρίζει,
636 2054 832 2109 πρέσβυ;
852 2050 961 2108 πρὸς
979 2051 1027 2095 σὲ
1047 2050 1131 2108 γὰρ
1150 2052 1313 2108 βλέπω.

328 2116 387 2172 ὡς
407 2117 510 2164 οὔτε
531 2125 660 2176 γαίας
680 2117 768 2177 ὅρι’
792 2116 847 2163 ἂν
867 2121 1076 2176 ἐκβαῖμεν
1095 2118 1265 2178 λάθρᾳ·

328 2188 526 2243 φυλακαὶ
545 2187 630 2246 γὰρ
651 2185 777 2244 ἡμῶν
796 2192 1050 2244 κρείσσονες
1071 2183 1160 2231 κατ’
1183 2185 1386 2240 ἐξόδους·

329 2252 418 2299 οὔτ’
439 2257 488 2299 ἐν
509 2261 708 2312 φίλοισιν
728 2258 901 2307 ἐλπίδες
906 2260 1139 2335 σωτηρίας

333 2320 393 2367 ἔτ’
418 2320 574 2367 εἰσὶν
550 2333 670 2380 ημῖν.
708 2321 845 2381 ἥντιν’
867 2317 952 2368 οὖν
970 2322 1154 2380 γνώμην
1178 2326 1289 2380 ἔχεις

334 2387 419 2445 λέγ’
443 2394 504 2442 εἰς
523 2389 572 2435 τὸ
593 2391 789 2448 κοινόν,
782 2390 839 2438 ιιὴ
858 2398 1021 2436 θανεῖν
1041 2392 1218 2446 ἕτοιμον
1236 2382 1279 2446 ᾖ,

1450 292 1493 327 55

1455 969 1500 1005 65

1453 1309 1499 1346 70
