1633 2538
136 178 219 215 332
459 177 730 215 ΗΡΑΚΛΗΣ
758 175 1162 216 ΜΑΙΝΟΜΕΝΟΣ

289 299 442 347 κρατεῖ
460 288 622 345 χθονὸς
642 285 783 344 τῆσδ’,
808 285 896 331 ἀλλ’
921 287 1005 344 ἐγώ
1026 286 1078 332 τὰ
1099 291 1185 332 νῦν
1204 287 1321 334 τάδε.

293 357 414 415 ὑμεῖς
436 357 483 400 δὲ
505 357 710 413 πρέσβεις
730 366 822 408 ταῖς
847 357 967 412 ἐμαῖς
990 358 1184 400 ἐναντίοι

288 423 535 482 γνώμαισιν
556 421 693 479 ὄντες,
715 422 769 468 οὐ
790 423 930 480 μόνον
955 424 1179 477 στενάξετε

289 493 391 544 τοὺς
405 490 690 548 Ἡρακλείους
710 496 882 547 παῖδας,
904 489 1014 536 ἀλλὰ
1033 493 1105 536 καὶ
1127 490 1269 548 δόμου

291 562 443 616 τύχας,
464 557 573 604 ἷῖταν
593 559 735 619 πάσχῃ
759 579 811 615 τι,
832 559 1111 617 μεμνήσεσθε
1134 559 1182 604 δὲ

289 633 444 673 δοῦλοι
467 632 655 685 γεγῶτες
676 633 750 685 τῆς
773 630 877 686 ἐμῆς
898 631 1177 685 τυραννίδος.

136 704 228 743 XO.
290 691 324 741 ὦ
344 701 423 753 γῆς
443 694 704 753 λοχεύμαθ’,
727 694 804 749 οὕς
819 695 952 754 ’Ἄρης
972 701 1144 753 σπείρει
1164 694 1271 740 ποτὲ

289 765 456 822 λάβρον
475 765 718 820 δράκοντος
737 766 1012 822 ἐξερημώσας
1032 767 1183 821 γένυν,

290 830 344 877 ού
364 837 563 889 σκῆπτρα
585 833 729 889 χειρὸς
749 836 892 886 δεξιᾶς
913 836 1146 890 ἐρείσματα

289 911 435 957 αρεῖτε
456 902 528 945 καὶ
549 899 673 945 τοῦδ’
701 899 866 957 ἀνδρὸς
886 899 1069 945 ἀνόσιον
1088 900 1201 955 κάρα

290 966 673 1026 καθαιματώσεθ’,
693 984 812 1021 οστις
831 967 885 1013 ού
905 972 1121 1026 Καδμεῖος
1142 984 1206 1011 ων

292 1035 413 1094 ἄρχει
434 1038 636 1090 κάκιστος
655 1042 744 1081 τῶν
766 1040 880 1082 νέων
901 1042 1064 1094 ἔπηλυς
1090 1034 1179 1089 ὦνς

292 1104 388 1150 ἀλλ’
413 1104 496 1150 οὐκ
518 1109 626 1162 ἐμοῦ
645 1123 693 1163 γε
713 1105 943 1158 δεσπόσεις
962 1108 1129 1162 χαίρων
1152 1103 1272 1160 ποτέ,

297 1172 396 1218 οὐδ’
421 1171 621 1230 ἁπόνησα
647 1172 774 1218 πόλλ’
798 1172 883 1230 ἐγώ
904 1172 1058 1231 καμὼν
1076 1173 1170 1229 χερὶ

293 1245 421 1295 ἕξεις·
452 1240 659 1298 ἀπέρρων
679 1239 722 1286 δ’
747 1246 882 1286 ἔνθεν
904 1236 1037 1299 ἦλθες
1057 1238 1236 1294 ἐνθάδε,

297 1308 462 1367 ὕβριζ’·
485 1312 595 1367 ἐμοῦ
615 1309 698 1367 γὰρ
719 1314 879 1364 ζῶντος
898 1308 953 1354 ού
974 1317 1141 1359 κτενεῖς
1160 1323 1264 1352 ποτε

296 1378 397 1429 τοὺς
410 1376 698 1435 Ἡρακλείους
718 1381 898 1430 παῖδας·
918 1375 974 1422 ού
995 1376 1179 1422 τοσόνδε
1198 1378 1278 1432 γῆς

296 1444 447 1502 ἔνερθ’
472 1448 638 1498 ἐκεῖνος
657 1445 897 1502 κρύπτεται
917 1444 1061 1490 λιπών
1078 1445 1224 1489 τέκνα.

300 1516 394 1559 ἐπεὶ
413 1512 471 1559 σύ
492 1514 574 1570 μὲν
594 1518 680 1571 γῆν
699 1514 832 1570 τήνδε
852 1515 1054 1565 διολέσας
1073 1516 1199 1569 ἔχεις,

293 1579 319 1625 ὃ
341 1580 384 1626 δ’
408 1579 642 1639 ὠφελήσας
661 1580 797 1635 ἀξίων
818 1580 872 1627 ού
891 1581 1120 1638 τυγχάνει·

298 1647 482 1695 κᾶπειτα
503 1650 684 1706 πράσσω
704 1648 830 1695 πόλλ’
853 1649 954 1706 ἐγώ,
974 1653 1135 1707 φίλους
1153 1642 1286 1703 ἐμούς

303 1718 523 1769 θανόντας
543 1711 595 1762 εύ
615 1721 737 1773 δρῶν
758 1711 813 1762 οῦ
833 1722 979 1774 φίλων
997 1716 1183 1773 μάλιστα
1205 1715 1296 1766 δεῖ;

303 1780 335 1829 ὦ
357 1785 476 1838 δεξιὰ
497 1790 615 1842 χείρ,
639 1783 697 1837 ὡς
717 1792 872 1837 ποθεῖς
892 1789 1046 1841 λαβεῖν
1066 1782 1194 1839 δόρυ,

303 1856 350 1897 ἐν
371 1851 412 1897 ὀ’
437 1852 650 1911 ἀσθενείᾳ
672 1852 749 1897 τὸν
768 1855 912 1898 πόθον
926 1852 1151 1903 διώλεσας.

300 1923 395 1965 ἐπεὶ
415 1919 456 1965 σ’
482 1919 639 1966 ε’παυσ’
665 1918 721 1965 ἂν
741 1925 907 1965 δοῦλον
927 1918 1167 1965 ἐννέποντά
1190 1937 1242 1976 με

304 1990 377 2033 καὶ
397 1989 527 2033 τάσδε
549 1990 696 2045 Θήβας
717 1986 909 2040 εὐκλεῶς
930 1986 1177 2048 ᾠκήσαμεν,

304 2059 351 2101 ἐν
370 2052 438 2108 αἷς
457 2055 514 2101 σὺ
535 2061 713 2113 χαίρεις.
742 2054 797 2100 ού
818 2054 902 2113 γὰρ
923 2049 974 2100 εὖ
995 2063 1158 2113 φρονεῖ
1174 2055 1300 2106 πόλις

305 2124 454 2168 στάσει
480 2129 670 2169 νοσοῦσα
691 2125 763 2168 καὶ
783 2133 934 2176 κακοῖς
954 2121 1277 2180 βουλεύμασιν·

310 2190 363 2236 ού
384 2192 467 2248 γάρ
482 2189 570 2236 ποτ’
594 2188 649 2236 ἂν
669 2192 717 2236 σὲ
738 2191 957 2248 δεσπότην
977 2190 1198 2248 ἐκτήσατο.

154 2262 258 2304 ΜΕ.
318 2261 543 2317 γέροντες,
564 2263 694 2304 αἰνῶ·
717 2263 806 2303 τῶν
829 2263 977 2315 φίλων
995 2257 1079 2316 γὰρ
1104 2261 1250 2303 εἵνεκα

310 2325 444 2384 ὀργὰς
464 2330 635 2379 δικαίας
655 2326 759 2379 τοὺς
779 2331 939 2383 φίλους
957 2330 1073 2383 ἔχειν
1092 2324 1258 2382 χρεών·

308 2392 436 2451 ἡμῶν
456 2393 498 2438 δ’
523 2396 643 2439 ἕκατι
664 2394 896 2446 δεσπόταις
916 2392 1197 2450 θυμούμενοι

1414 1923 1487 1961 ²⁷⁰
