1633 2538
131 463 237 504 AM.

131 939 220 980 ΗΡ.

129 1213 238 1253 ΑΜ.

130 1281 220 1320 ΗΡ.

133 1350 235 1389 AM.

129 1418 221 1457 ΗΡ.

128 1484 237 1526 ΑΜ.

129 1555 220 1594 ΗΡ.

128 1624 237 1662 AM.

129 1691 221 1731 ΗΡ.

129 1760 237 1800 AM.

130 1828 220 1868 ΗΡ.

130 1897 237 1936 AM.

127 1964 179 2004 Η
179 1965 219 2004 Ρ

433 139 708 178 ΗΡΑΚΔΗΣ
732 137 1140 178 ΜΑΙΝΟΜΕΝΟΣ
1385 142 1469 180 343

285 251 416 310 ὅρνιν
435 251 476 298 δ’
501 252 611 298 ἰδών
631 250 709 297 τιν’
734 249 817 296 οὐκ
839 254 887 297 ἐν
906 257 1065 304 αἰσίοις
1085 254 1250 309 ἕδραις,

284 327 430 378 ἔγνων
447 321 588 367 πόνον
609 318 686 365 τιν’
711 324 772 372 εἰς
793 320 958 378 δόμους
981 320 1241 366 πεπτωκότα
1255 335 1263 343 ·

285 387 382 434 ὥστ’
405 392 453 435 ἐκ
473 394 684 448 προνοιάς
703 388 893 446 κρύφιος
914 394 1125 447 εἰσῆλθον
1144 389 1302 445 χθόνα.

282 462 448 511 καλῶς·
475 461 741 514 προσελθων
763 465 852 504 νῦν
877 459 1092 515 πρόσειπέ
1114 456 1163 500 θ’
1191 458 1337 500 ἑστίαν

284 527 358 570 καὶ
378 524 455 579 δὸς
474 525 694 584 πατρῴοις
714 525 914 582 δώμασιν
936 524 1018 570 σὸν
1039 522 1135 582 ὄμμ’
1160 528 1286 569 ἰδεῖν.
1403 536 1472 572 600

283 592 376 652 ἥξει
395 595 479 652 γὰρ
501 591 634 645 αὐτὸς
654 592 739 651 σὴν
759 592 959 651 δάμαρτα
978 595 1052 638 καὶ
1073 594 1205 637 τέκνα

286 664 424 717 ἕλξων
444 662 682 719 φονεύσων
702 660 798 719 κᾶμ’
823 663 1079 720 ἐπισφάξων
1098 659 1227 716 ἅναξ·

283 733 463 787 μένοντι
483 727 526 774 δ’
551 728 691 775 αὐτοῦ
711 731 854 775 πάντα
874 746 944 775 σοι
965 730 1198 789 γενήσεται

282 804 335 857 τῇ
354 797 385 844 τ’
409 796 629 858 ἀσφαλείᾳ
649 802 900 856 κερδανεῖς·
923 799 1055 844 πόλιν
1076 799 1126 844 δὲ
1145 798 1229 856 σὴν

281 866 341 924 μὴ
356 867 464 925 πρὶν
478 868 664 925 ταράξῃς
679 885 786 923 πριν
799 865 895 912 τόδ’
921 861 973 911 εὖ
987 869 1169 922 θέσθαι,
1191 869 1362 911 τέκνον.
1406 876 1473 912 605

282 935 432 994 δράσω
451 933 563 980 τάδ’·
598 936 648 979 εὐ
669 933 751 992 γὰρ
774 934 917 987 εἶπας
942 933 1018 991 εἶμ’
1044 941 1148 979 εἴσω
1169 934 1331 991 δόμων.

283 1004 427 1065 χρόνω
448 1001 490 1049 δ’
514 1002 722 1049 ἄνελθων
741 1005 783 1056 ἐξ
805 1000 1004 1060 ἀνηλίων
1026 1007 1182 1061 μυχῶν

271 1069 429 1119 Αιδου
447 1073 596 1131 Κόρης
617 1069 647 1115 τ’
672 1075 860 1129 ἔνερθεν
882 1069 965 1116 οὐκ
986 1069 1182 1129 ἀτιμάσω

282 1140 419 1194 θεοὺς
437 1149 698 1199 προσειπεῖν
717 1145 871 1196 πρῶτα
889 1139 994 1192 τοὺς
1014 1139 1124 1184 κατὰ
1149 1142 1315 1197 στέγας.

286 1203 424 1266 ἦλθες
445 1209 528 1268 γὰρ
549 1207 688 1260 ὅντως
710 1206 874 1265 δώματ’
901 1213 962 1260 εἰς
981 1206 1159 1263 Ἅιδου,
1182 1210 1363 1260 τέκνον;
1408 1219 1474 1254 610

282 1279 356 1322 καὶ
380 1279 501 1337 θῆρά
520 1276 554 1334 γ’
580 1281 640 1328 είς
661 1281 756 1333 φῶς
777 1276 855 1322 τὸν
874 1282 1114 1334 τρίκρανον
1135 1273 1317 1334 ἤγαγον.

283 1347 397 1405 μάχῃ
418 1361 636 1404 κρατησας
660 1364 686 1402 η
707 1350 817 1397 θεᾶς
839 1345 1119 1403 δωρήμασιν;

281 1416 418 1473 μάχῃ·
444 1434 496 1460 τα
515 1417 696 1471 μυστώι
718 1411 760 1458 6'
784 1411 891 1471 ὄργι’
905 1411 1120 1471 ηὐτύχησ’
1146 1413 1268 1459 ἰδών.

285 1502 310 1540 η
333 1485 406 1528 καὶ
427 1481 516 1527 κατ’
542 1489 692 1533 οἰκους
712 1483 831 1526 ἐστιν
850 1480 1129 1539 Εὐρυσθέως
1151 1480 1174 1528 ὁ
1194 1481 1306 1539 θηρ;

282 1557 483 1604 Χθονίας
502 1569 576 1595 νιν
597 1548 727 1602 amos
742 1547 933 1607 Ἐρμιων
952 1548 984 1595 τ’
1008 1555 1095 1607 ἑχει
1116 1551 1253 1603 πόλις.
1406 1560 1472 1596 615

283 1617 383 1665 οὐδ’
408 1619 531 1665 οἶδεν
552 1616 823 1676 Εὐρυσθεύς
838 1635 885 1663 σε
911 1624 989 1676 γῆς
1008 1617 1150 1676 ἥκοντ’
1174 1617 1291 1671 &Evam

284 1686 366 1733 οὐκ
388 1688 511 1734 οἶδεν
526 1704 534 1710 ·
557 1686 706 1732 ἐλθὼν
725 1685 914 1731 τάνθάδ’
941 1691 1109 1745 εἰδείην
1128 1687 1278 1744 πάρος.

285 1756 447 1815 χρόνον
467 1757 516 1802 δὲ
535 1761 626 1808 πῶς
647 1760 859 1800 τοσοῦτον
879 1750 986 1812 ἦσθ’
1011 1753 1099 1800 ὑπὸ
1120 1757 1257 1811 χθονί
1265 1776 1275 1807 3

287 1827 434 1882 Θησέα
452 1830 642 1883 κομίζων
663 1821 846 1881 ἐχρόνισ’
870 1827 912 1877 ἐξ
933 1821 1112 1880 ΗΑιδου,
1136 1823 1286 1879 πάτερ.

285 1895 359 1938 καὶ
381 1898 469 1939 ποῦ
485 1892 622 1946 ’;στιν
643 1888 670 1949 ἡ
689 1897 768 1950 γῆς
789 1895 999 1949 πατρίδος
1019 1898 1181 1949 οἴχεται
1202 1894 1363 1943 πέδον;
1403 1902 1471 1937 620

279 1959 425 2019 βέβηκ’
455 1959 647 2018 Ἀθήνας
667 1961 833 2019 νέρθεν
853 1958 1042 2017 ἅσμενος
1062 1979 1236 2018 φυγων.

284 2028 373 2075 ἀλλ’
398 2027 454 2074 εἷ’
461 2026 724 2088 ,ὁμαοτεῖτ’,
747 2029 780 2072 ὠ
802 2027 930 2086 τέκν’,
954 2034 1015 2081 εἰς
1035 2028 1201 2086 δόμους
1220 2033 1378 2085 πατρί·

284 2100 517 2151 καλλίονές
535 2095 623 2154 τᾶρ’
647 2100 810 2142 εἴσοδοι
833 2115 924 2142 των
943 2098 1108 2151 ἐξόδων

285 2167 491 2224 πάρεισιν
509 2164 629 2225 ὑμῖν.
655 2163 765 2210 αλλα
784 2166 950 2223 θάρσος
971 2173 1111 2222 ἴσχετε

284 2237 358 2280 καὶ
379 2233 528 2292 νάματ’
551 2234 699 2282 ὅσσων
717 2233 860 2292 μηκέί
885 2237 1089 2291 ἐξανίετε,
1404 2242 1470 2278 6⁸25

285 2304 342 2348 σύ
361 2301 400 2347 τ’
426 2304 458 2347 ὠ
482 2301 616 2360 γύναι
636 2322 708 2360 μοι
729 2303 950 2360 σύλλογον
968 2307 1112 2360 ψυχῆς
1135 2303 1241 2359 λαβὲ

283 2371 451 2430 τρόμου
470 2389 517 2415 τε
536 2376 726 2427 παῦσαι,
747 2372 821 2416 καὶ
844 2368 1035 2428 μέθεσθ’
1059 2373 1177 2428 ε’μῶν
1198 2371 1310 2415 πέπ)
1317 2383 1399 2413 ων’
