1633 2538
412 170 686 209 ΗΡΑΚΛΗΣ
713 170 1120 211 ΜΑΙΝΟΜΕΝΟΣ
1357 165 1440 202 345

258 287 390 346 μέτα,
416 282 716 335 κατθανόντες
736 280 766 327 τ’
1383 293 1449 328 660

264 358 324 407 είς
344 351 486 411 αὐγὰς
505 351 639 397 πάλιν
662 348 792 396 ἁλίου

262 420 442 474 δισσοὺς
461 417 517 465 ἂν
539 424 647 478 ἔβαν
666 420 891 477 διαύλους,

209 540 212 543 ,
263 488 290 535 ἁ
311 490 548 547 δυσγένεια
570 486 612 533 δ’
637 485 783 533 ἁπλᾶν
807 485 863 533 ἂν

264 558 352 615 εἶχε
373 563 483 613 ζωᾶς
503 556 673 615 βιοτάν,

262 628 336 672 καὶ
355 624 463 687 τῷδ’
487 620 545 684 ἦν
563 624 666 678 τούς
684 643 731 670 τε
751 624 917 679 κακοὺς
936 623 990 672 ἂν
1387 635 1452 671 665

264 699 433 753 γνῶναι
453 695 527 740 καὶ
547 692 651 747 τοὺς
671 691 887 751 ἀγαθούς,

265 771 364 809 ι”σον
383 760 443 808 ἅτ’
467 765 517 808 ἐν
535 764 798 820 νεφέλαισιν
819 759 872 807 ἅ-

264 846 411 890 στρων
429 830 614 885 ναύταις
634 829 828 890 ἀριθμὸς
851 832 988 876 πέλει.

265 904 352 946 νῦν
371 897 414 945 δ’
438 897 588 953 οὐδεὶς
607 896 711 957 ὅρος
731 901 780 944 ἐκ
799 904 924 944 θεῶν

262 978 467 1028 χρηστοῖς
485 965 594 1013 οὐδὲ
612 977 765 1020 κακοῖς
784 968 943 1026 σαφής,
1387 977 1457 1013 670

263 1035 361 1082 ἀλλ’
385 1035 686 1095 εἱλισσόμενός
705 1055 769 1090 τις
789 1041 859 1082 αἰ-

265 1104 330 1151 clm
350 1110 547 1151 πλοῦτον
567 1104 708 1163 μόνον
728 1102 866 1160 αὔξει.

266 1172 321 1219 οὐ
341 1174 567 1231 παύσομαι
592 1172 668 1227 τὰς
688 1173 881 1231 Χάριτας
1295 1187 1386 1229 στρ.

263 1242 472 1296 ΣἈούσαις
491 1243 868 1300 συγκαταμιγνύς,

266 1307 452 1356 ἁδίσταν
470 1315 701 1368 συζυγίαν.
1392 1317 1460 1354 675

265 1379 324 1438 μὴ
345 1379 460 1441 ζῴην
478 1376 566 1437 μετ’
591 1377 821 1437 ἀμουσίας,

268 1451 355 1496 αἰεὶ
379 1447 422 1495 δ’
451 1452 499 1495 ἐν
524 1450 806 1508 στεφάνοισιν
832 1455 940 1506 εἰήν.

267 1519 331 1561 ε”τι
350 1533 418 1560 τοι
437 1517 585 1574 γέρων
605 1512 756 1567 ἀοιδὸς

268 1587 450 1629 κελαδεῖ
465 1583 781 1642 Μναμοσύναν
793 1598 802 1608 '

270 1657 334 1698 ἔτι
353 1652 436 1698 τὰν
448 1650 719 1711 Ἡρακλέους
1393 1660 1464 1696 680

268 1725 528 1767 καλλίνικον
547 1719 683 1766 ἀείδω

269 1789 388 1848 παρά
408 1807 454 1835 τε
474 1789 671 1848 Βρόμιον
690 1787 925 1834 οἰνοδόταν

268 1858 388 1916 παρά
406 1876 453 1903 τε
472 1859 627 1915 χέλυος
651 1856 895 1903 ἑπτατόνου

269 1925 446 1984 μολπὰν
465 1928 539 1971 καὶ
557 1930 706 1984 Λίβυν
725 1922 868 1971 αὐλόν

271 1992 397 2040 οὔπω
417 1995 760 2052 καταπαύσομεν
1396 2000 1463 2037 685

268 2062 476 2121 Μούσας,
503 2066 553 2108 αἴ
567 2061 606 2121 μ’
629 2062 883 2121 ἐχόρευσαν.

266 2136 436 2176 παιᾶνα
458 2131 540 2190 μὲν
559 2130 782 2190 Δηλιάδες
1299 2125 1394 2173 ἆντ.

272 2197 456 2258 ὑμνοῦο2
479 2198 595 2259 ἀμφὶ
613 2197 759 2259 πυρὰς
781 2197 862 2244 τὸν

273 2273 450 2322 Λατοῦς
475 2267 667 2315 εὔπαιδα
691 2268 828 2326 γόνον

277 2341 552 2383 εἱλίσσουσαι
570 2342 838 2394 καλλίχορον
850 2351 859 2360 ·
1398 2343 1468 2381 690

527 2416 595 2453 673
607 2434 656 2440 -
669 2415 740 2452 686
756 2426 810 2443 =
833 2414 901 2452 687
913 2432 963 2439 -
975 2414 1044 2452 700
